4064 5558
360 314 367 338 ⁸
460 320 553 411 nn
600 311 702 401 cu.
751 309 1482 405 eneesnonnuntun.
1717 332 1778 418 77·

239 487 326 563 solae
341 478 537 557 sufficerent
563 470 606 542 ad
627 464 822 560 Pedantismi
838 465 1071 561 principatum
1099 468 1134 539 in
1160 487 1195 539 tc
1212 469 1470 542 conserendum.
1517 467 1648 564 Neque
1668 464 1773 536 etiam

239 590 301 662 nbi
319 579 488 655 versiones
508 573 604 667 saepe
627 570 742 654 Galea,
760 587 862 660 quem
880 568 1046 633 Gallaeuvn
1063 566 1181 662 inepte
1201 593 1321 657 vocas,
1340 569 1520 639 attributas
1546 562 1774 662 Mythologi-

243 697 436 770 eorum,ut
457 672 537 772 pag'.
552 665 636 738 628.
655 689 688 735 n.
709 685 785 754 195.
802 661 838 731 ὅ(
854 661 953 747 alibi,
970 680 1029 731 aut
1046 665 1149 734 etiam
1163 667 1305 736 Albam
1319 668 1355 737 de
1366 672 1531 754 Pare,aur
1542 667 1696 759 Gedoyni,
1713 657 1780 755 qui

242 784 302 863 has
319 777 550 852 institutiones
568 764 705 836 Gallice
724 779 921 866 verterunt,
948 783 1077 831 errores
1098 762 1248 859 castigas.
1287 765 1384 833 Haec
1400 763 1435 834 dt
1453 763 1572 833 similia
1590 763 1772 859 praeterire

243 879 348 955 hodie
365 875 416 946 est
437 871 579 942 animus.
631 859 699 932 Sed
723 857 765 928 de
789 857 852 926 illrs
873 857 958 927 locis
984 879 1152 951 agemus,
1178 862 1238 931 ubi
1261 862 1424 957 praestare
1442 880 1476 931 te
1495 859 1716 956 l'hilologum
1737 854 1774 926 δε

245 978 425 1052 Criticum
442 967 626 1048 debueras,
655 957 690 1027 ὅ(
708 956 881 1026 haerentes
899 978 969 1025 non
985 974 1120 1025 tantum
1139 957 1300 1048 lceiores,
1326 958 1380 1028 sed
1399 958 1485 1054 ipsos
1501 960 1699 1052 interpretes
1715 977 1773 1024 ex·

251 1072 391 1174 pedire,
413 1064 468 1137 sed
482 1085 564 1160 quae
578 1080 617 1131 tu
632 1107 644 1146 ,
671 1072 856 1125 contentus
871 1051 935 1122 illis
952 1073 986 1120 te
1003 1051 1210 1125 oblocutum
1227 1056 1317 1145 esse,
1345 1056 1505 1151 relinquis
1529 1054 1654 1125 intasla
1670 1053 1705 1122 &
1722 1054 1775 1120 in·

257 1170 447 1269 explicata,
473 1180 530 1232 aut
555 1155 576 1227 li
593 1153 726 1250 cogaris
743 1149 897 1258 laudare,
924 1174 1054 1252 pauca,
1071 1152 1228 1223 malevoli
1249 1155 1353 1223 animi
1371 1154 1520 1243 indicia,
1546 1153 1670 1238 verba,
1691 1171 1782 1245 quae-

259 1261 443 1340 invidia&
461 1252 665 1332 obtreslatio
688 1247 871 1344 suggerit,
896 1248 1042 1343 adjicere
1067 1248 1179 1341 soles,
1205 1271 1245 1321 ut
1268 1251 1360 1322 nulla
1384 1253 1507 1347 pagina
1536 1249 1604 1320 srne
1627 1246 1785 1320 nominis

257 1359 534 1458 Capperonneriani
549 1372 634 1448 nota
651 1348 827 1449 decurrat,
1020 1435 1022 1440 Ι

302 1463 451 1556 Pugna.
470 1477 503 1524 n,
518 1449 598 1541 184·
617 1443 660 1516 de
670 1442 868 1518 Soloeeilmi
885 1440 1066 1536 generibus
1082 1445 1142 1516 lib.
1161 1470 1182 1515 ι.
1199 1470 1274 1541 cap.
1290 1472 1322 1518 v.
1340 1471 1442 1545 agens
1459 1471 1523 1545 pro
1539 1443 1780 1542 exemplo'po·

253 1556 320 1630 suit
340 1558 429 1626 inter
454 1551 519 1622 alia
536 1544 663 1618 Fabius
682 1566 719 1613 ne
744 1541 798 1610 hoc
814 1543 921 1629 fecit,
947 1541 1005 1634 qui
1025 1539 1234 1614 detradlione
1254 1542 1307 1615 sit.
1358 1546 1567 1617 Mosellanus
1590 1541 1788 1614 detrudam

260 1659 295 1730 τὸ
317 1654 442 1749 quidem
461 1643 589 1732 credit,
616 1664 680 1739 pro
700 1636 801 1736 plena
817 1636 1016 1727 locutione,
1041 1664 1077 1708 ne
1091 1640 1148 1711 hoc
1159 1643 1280 1734 quidem
1289 1643 1389 1736 fecit,
1415 1642 1508 1740 quod
1525 1666 1594 1712 non
1606 1639 1789 1739 placebat,

258 1754 339 1850 quia
357 1747 470 1821 nullus
489 1744 538 1815 ibi
552 1735 791 1845 soloecismus,
817 1731 871 1804 [εά
893 1733 1016 1832 ellipsis
1036 1736 1057 1815 ἔ
1074 1741 1195 1829 quidem
1213 1739 1322 1836 poss'et
1340 1741 1457 1837 fingi,
1475 1765 1561 1836 quae
1576 1742 1663 1809 inter
1680 1739 1788 1809 soloe*

260 1847 446 1924 cismorum
461 1840 587 1940 species
605 1863 624 1908 a
641 1856 778 1906 nemine
795 1831 938 1902 refertur
955 1859 962 1903 :
990 1856 1092 1928 quare
1117 1859 1185 1930 ego
1204 1862 1250 1907 aare
1273 1838 1329 1909 hoc
1344 1838 1453 1932 fecit,
1480 1863 1543 1934 pro
1563 1839 1604 1908 de
1624 1859 1672 1905 me
1695 1836 1789 1933 lege·

260 1948 340 2022 bam
353 1999 365 2038 ,
380 1943 441 2015 ubi
461 1933 678 2012 soloecismus
693 1930 742 2002 est
756 1927 977 2021 ,deficiente
991 1931 1255 2027 praepositione.
1306 1936 1354 2008 Et
1371 1937 1530 2043 exempla
1555 1935 1684 2029 reliqua
1710 1956 1790 2028 pro-

261 2046 345 2119 bant
361 2062 460 2141 agere
476 2035 623 2109 Fabium
641 2029 684 2100 de
700 2024 1009 2126 praepositionibus
1025 2028 1206 2121 detradlis,
1231 2031 1321 2104 unde
1338 2031 1554 2106 soloecilmus
1573 2034 1695 2104 oritur.
1730 2029 1793 2101 Tu

263 2143 351 2216 nihil
365 2159 478 2211 mutas
496 2184 507 2223 ,
532 2131 588 2203 sed
605 2127 751 2200 Fabium
767 2144 864 2197 notas
884 2123 926 2194 de
943 2123 1105 2197 industria
1122 2154 1159 2197 ne
1173 2128 1317 2221 hocfecit
1332 2129 1520 2227 scripsisse,
1544 2156 1609 2228 pro
1628 2155 1669 2198 an
1686 2154 1722 2200 ne
1739 2129 1794 2197 hoc

258 2243 338 2340 fecit
368 2265 376 2309 :
411 2251 546 2306 tantum
578 2251 622 2298 ne
654 2227 689 2295 in
712 2241 822 2294 meam
849 2220 1063 2295 descenderes
1089 2222 1298 2319 sententiam.
1351 2229 1417 2300 Sed
1442 2253 1543 2325 quam
1570 2231 1685 2322 inepta
1711 2225 1794 2295 haec

265 2358 350 2411 nota
367 2368 380 2423 3
409 2333 483 2430 quis
507 2325 605 2397 euim>
622 2344 786 2416 umquam
810 2320 846 2391 in
864 2318 924 2391 tali
948 2315 1056 2417 ellipsi
1074 2319 1310 2396 soloecismum
1328 2325 1489 2398 invenit?
1517 2327 1606 2422 Quis
1628 2323 1731 2394 etiam
1749 2323 1797 2393 ita

265 2433 406 2510 locutus
430 2426 480 2499 est
504 2449 541 2496 ne
563 2422 620 2493 hoc
635 2418 718 2514 fecit
739 2419 761 2489 ,7
782 2441 845 2515 pro
875 2443 955 2489 anne
976 2419 1031 2488 hoc
1047 2417 1159 2512 fecit?
1186 2447 1265 2492 nam
1289 2423 1423 2494 locutio
1450 2422 1584 2494 soloeca
1608 2445 1678 2492 non
1694 2420 1797 2490 debet

271 2532 385 2630 fingi,
408 2548 477 2624 qua
492 2543 595 2594 nemo
619 2515 694 2590 usus
717 2513 795 2604 est,
818 2512 872 2585 sed
896 2513 1046 2610 quaeest
1067 2517 1104 2587 in
1125 2541 1185 2589 ore
1209 2521 1330 2616 populi
1348 2519 1385 2591 ὅ(
1403 2521 1552 2616 vulgata.
1602 2518 1657 2589 Ut
1672 2520 1798 2587 ambulo

274 2635 388 2716 viam,
404 2642 543 2722 proper
557 2617 667 2725 viam,
694 2619 840 2708 Aegypto
858 2620 969 2721 oraio,
996 2637 1059 2708 pro
1076 2614 1118 2685 ab
1130 2619 1304 2714 Aegypto.
1356 2618 1416 2690 Me
1431 2618 1485 2688 hoc
1494 2615 1606 2710 fecit,
1623 2637 1686 2713 pro
1701 2615 1738 2686 de
1753 2637 1801 2685 ma

272 2729 328 2800 hac
336 2723 429 2820 fecit.
484 2722 539 2790 An
554 2711 654 2785 senus
668 2715 740 2809 jam
759 2710 846 2780 male
863 2709 926 2781 tibi
944 2710 1063 2782 cedere
1079 2711 1291 2811 obloquendi
1309 2713 1548 2812 proterviam?

321 2825 402 2919 Pag.
414 2817 473 2892 86.
489 2811 555 2888 Ed.
569 2826 671 2882 meae.
702 2808 783 2905 Ego
801 2804 935 2879 secutus
954 2832 1091 2900 omnes,
1116 2833 1195 2882 ante
1213 2837 1291 2903 me,
1317 2813 1411 2907 quod
1425 2813 1549 2900 sciam,
1565 2811 1712 2883 editores
1729 2809 1801 2882 edi·

275 2920 331 3009 di,
356 2920 396 2996 &
413 2917 573 2998 inmunis,
597 2907 679 2980 illud
700 2929 742 2994 n,
767 2906 849 3013 parad
861 2909 981 2975 veritas
995 2910 1117 2998 exigit,
1133 2908 1289 3004 sequentis
1299 2909 1440 3007 syllabae
1447 2910 1521 3006 sano
1539 2915 1686 3000 vinum,
1703 2934 1735 2979 m
1747 2933 1803 3004 ge·
1833 2894 1839 2905 ¹

281 3021 365 3090 mina
377 3023 614 3086 commutatum:
631 3001 718 3074 nihil
735 3020 839 3071 etranr
857 3000 984 3073 variare
999 3001 1136 3076 codices
1152 3027 1360 3082 notaveram.
1385 3009 1454 3081 Tu
1462 3033 1538 3106 pag¹
1552 3017 1608 3102 56.
1625 3031 1657 3078 n.
1672 3005 1724 3078 18.
1741 3024 1801 3077 nc*

191 3166 197 3176 ,
276 3113 367 3184 mine
382 3109 536 3208 priorum
552 3102 727 3174 editorum
743 3117 885 3188 notato,
911 3100 947 3169 in
967 3124 1021 3171 me
1036 3101 1158 3191 irruis,
1185 3107 1244 3199 qui
1264 3105 1394 3174 silentio
1411 3105 1543 3176 secutus
1559 3126 1648 3173 cram
1665 3103 1747 3173 alios
1763 3103 1801 3175 de

276 3208 365 3283 nihil
378 3207 421 3278 de
437 3227 517 3276 meo
535 3197 728 3272 addideram
747 3228 758 3281 3
782 3195 998 3266 scribendum
1016 3220 1098 3269 vero
1112 3218 1171 3286 tu,
1192 3199 1260 3270 fine
1276 3198 1344 3270 ulla
1363 3202 1444 3273 MS.
1463 3200 1687 3290 austoritate,
1701 3198 1801 3299 jubes

275 3331 345 3380 non
360 3303 467 3376 modo
484 3299 624 3370 innotis
642 3346 654 3386 ,
678 3292 734 3365 sed
750 3295 785 3364 in
801 3314 937 3364 textum
955 3289 1064 3390 ipsum
1082 3296 1232 3390 recipis,
1264 3297 1306 3376 ss?
1323 3303 1355 3367 ia
1375 3303 1518 3371 immunis
1537 3344 1557 3391 ,1
1575 3301 1655 3395 quia
1671 3297 1739 3392 ipsa
1754 3297 1802 3370 se·

275 3408 339 3479 ries
354 3419 540 3473 contextus
555 3393 588 3465 id
607 3392 783 3489 requirit,
809 3391 845 3463 de
863 3388 1023 3462 Prisciani
1037 3391 1161 3481 locus,
1194 3417 1296 3491 quem
1323 3418 1406 3467 mox
1431 3395 1538 3469 affers.
1590 3396 1655 3468 Sed
1681 3395 1709 3465 L
1726 3397 1802 3466 Pri·

275 3501 379 3575 sciani
393 3499 494 3569 locus
512 3476 632 3589 ineptd
640 3487 823 3560 adducitur
837 3487 879 3558 ad
903 3487 1113 3583 probandam
1140 3490 1389 3564 eorredlionem
1416 3512 1508 3565 tuam
1526 3544 1538 3582 ,
1574 3517 1650 3563 nam
1667 3511 1802 3564 tantum

279 3590 572 3687 efficit,nmutari
588 3590 622 3659 in
637 3585 839 3683 compositis
852 3587 887 3655 in
901 3584 1085 3676 m,&alias
1102 3586 1384 3679 literas,naturali
1403 3593 1497 3662 vocis
1514 3592 1644 3662 ratione
1661 3608 1803 3685 propter

278 3696 479 3769 celeriorem
497 3705 632 3758 motum
647 3682 865 3781 linguae&c.
883 3681 1010 3781 dequo
1027 3683 1120 3756 nulla
1143 3685 1192 3758 est
1215 3685 1472 3779 controversia,
1504 3687 1541 3760 &
1558 3710 1662 3785 aeque
1680 3711 1802 3759 verum

280 3795 357 3882 est,
392 3788 459 3861 srvc
483 3785 600 3881 legas,
632 3783 674 3862 ss?
700 3785 836 3861 inmunis
861 3777 928 3851 five
951 3782 993 3862 [ὅ
1014 3786 1047 3854 in
1069 3788 1225 3856 immunis.
1274 3783 1420 3882 ideoque
1441 3785 1581 3861 absurde
1606 3788 1674 3855 huc
1697 3784 1804 3855 advos

280 3911 378 3965 catur
392 3889 464 3982 ejus
480 3881 673 3955 austoritas.
720 3878 786 3950 Sed
804 3875 1019 3973 probandum
1034 3901 1106 3952 erat
1119 3880 1303 3979 legendum
1318 3884 1406 3962 else,
1439 3886 1480 3964 [ἀ
1497 3909 1530 3955 m
1544 3887 1701 3954 immunis.
1719 3905 1803 3977 qna·-

284 4012 317 4060 te
330 3987 434 4060 altera
446 3983 533 4053 ratio
547 3977 628 4050 esset
645 3976 757 4047 verior
774 4026 787 4066 ,
811 3997 896 4070 quae
912 3974 1115 4071 probaretur
1131 4002 1174 4050 ex
1201 3978 1282 4051 serie
1298 4002 1480 4052 contextus
1497 4029 1508 4068 ,
1536 3980 1601 4050 five
1618 3980 1803 4050 verborum
1829 4049 1830 4052 ,

287 4080 577 4182 praecedentium,
603 4098 685 4146 eum
701 4073 825 4169 quibus
840 4095 899 4168 per
914 4074 1116 4170 particulam
1134 4077 1175 4156 [ἐ
1193 4077 1417 4149 comedatur
1439 4080 1521 4149 haee
1543 4075 1711 4174 periodus.
1763 4079 1806 4149 ln

286 4177 497 4280 praecedenti
521 4197 603 4245 vero
626 4191 734 4259 erat,
751 4171 900 4241 cumdico
922 4176 1054 4263 optinuit
1076 4171 1123 4244 δε.
1177 4174 1313 4245 Deinde
1336 4177 1449 4270 pergit
1465 4182 1504 4242 Et
1533 4175 1618 4260 (scil.
1633 4201 1701 4246 cam
1716 4175 1819 4259 dico)a

283 4282 439 4364 inmunis,
462 4272 543 4344 illud
557 4297 587 4343 n.
603 4268 674 4340 &c
689 4291 732 4338 an
750 4291 820 4338 non
837 4265 884 4336 stc
898 4293 919 4336 o
946 4269 1030 4339 time
1043 4270 1228 4342 cohaerent
1243 4273 1378 4342 omnia?
1405 4271 1480 4341 Cor
1496 4294 1592 4370 ergo
1603 4272 1661 4344 hic
1678 4272 1805 4373 figuras

283 4397 357 4448 tuas
374 4396 445 4447 non
459 4366 631 4440 advocasti
647 4364 750 4457 i‘cur
765 4364 900 4435 illa's'ori
915 4294 1049 4455 genava,
1075 4368 1127 4437 vel
1143 4371 1268 4460 (eappa
1298 4392 1368 4439 non
1384 4371 1568 4440 meministi
1584 4370 1643 4442 hic
1660 4371 1807 4443 ostenta·

282 4498 347 4564 re,
373 4460 634 4561 utineptissrme
652 4461 734 4569 sacis
749 4481 889 4535 eentum
909 4461 943 4533 in
962 4463 1073 4552 locis,
1098 4463 1134 4535 ὃ(
1151 4465 1187 4534 in
1205 4465 1324 4561 primis
1339 4491 1416 4564 pag.
1432 4488 1492 4562 95.
1510 4492 1543 4539 n.
1569 4469 1721 4539 126Jubi
1739 4492 1808 4564 ego

282 4570 382 4666 quale
398 4571 525 4662 ζεῦγμα
543 4557 609 4646 sit,
632 4556 747 4626 videre
765 4583 834 4630 non
850 4558 996 4657 possum.
1047 4563 1221 4635 Praeterea
1238 4589 1301 4662 pro
1317 4568 1452 4636 inmunis
1470 4565 1602 4636 edidisti
1619 4565 1735 4634 inscite
1750 4565 1808 4635 ad·

280 4666 427 4739 modum
442 4661 588 4734 immunis
605 4682 614 4727 :
636 4678 715 4727 nam
730 4679 801 4730 vox
818 4655 876 4728 illa
889 4656 1027 4733 deberet
1046 4661 1160 4756 primo
1178 4661 1327 4832 propolpi
1343 4682 1383 4734 ut
1400 4665 1541 4760 originis
1559 4662 1673 4752 ratio,
1699 4660 1736 4732 ὅ(
1754 4687 1812 4734 ves

1354 4779 1386 4856 3·
1766 4766 1822 4837 r'a
