4064 5558
484 242 599 434 ;liD
653 318 750 411 cu·
795 314 1533 421 CAPPERONNERIUM
1737 358 1790 447 95

243 487 412 569 uiitatum
429 477 583 559 docuiffe
601 485 754 579 Deustam
766 478 826 556 lib.
841 504 897 556 ιιι.
913 477 1057 575 Qtaest.
1073 481 1168 556 Heb.
1190 504 1246 584 31·
1261 484 1497 597 adamassem,
1517 506 1558 562 tu
1575 486 1693 564 eadem
1707 509 1796 589 quae

240 594 331 684 ille,
356 586 394 660 δί
411 582 601 675 Turnebus,
624 605 730 682 quem
746 599 788 654 tu
802 579 919 671 citas,
950 579 1055 654 verba
1069 583 1304 682 producis,&
1319 611 1362 660 ex
1381 588 1536 680 Nonio,
1571 612 1674 687 quem
1690 594 1797 662 etiam

240 693 388 786 Drustus
403 682 597 758 laudaverat
612 734 625 775 ,
650 680 749 755 nobis
767 678 826 754 das
841 730 854 772 ,
880 677 1025 753 Caecilii
1041 682 1157 756 verba.
1208 684 1403 781 Chalciffims
1418 687 1470 761 hic
1484 692 1607 761 vicinus
1622 687 1661 785 se
1675 714 1729 763 eas
1739 709 1796 782 pe·

237 790 350 890 periffe
363 786 462 858 uubis.
480 781 639 874 &addis,
649 778 977 876 Chaleiffiareuidetur
993 778 1171 877 dixiſjipm
1186 782 1400 866 hariolari&
1415 787 1462 859 ud
1475 786 1684 860 Chalcenterus
1701 792 1794 861 illum

244 906 359 965 vatem
376 883 524 981 allufiffe.
556 880 714 955 Sciebam
725 882 799 978 jam
814 877 934 951 multis
947 876 1168 953 documentis
1182 900 1218 953 te
1235 883 1375 995 egregie
1394 883 1428 955 in
1445 884 1704 986 Etymologicis
1720 909 1799 961 ver·

245 986 378 1076 satum,
402 981 458 1055 sed
477 979 623 1053 mirabar
638 998 754 1054 tamen
769 996 806 1051 te
821 997 892 1051 tam
908 996 1073 1050 acutum:
1099 976 1155 1050 sed
1171 978 1296 1053 vellem
1315 981 1416 1053 irmul
1429 1006 1474 1055 ex
1488 983 1646 1085 analogia
1659 981 1798 1059 docuis-

248 1085 295 1162 ses
312 1107 358 1157 ex
374 1083 546 1154 Chalcaute
563 1077 656 1175 polle
671 1076 815 1151 derivari
833 1076 1037 1170 Chaleiffare.
1076 1076 1160 1167 ¹Sed
1176 1077 1214 1151 ὅ(
1229 1078 1314 1154 haec
1333 1079 1429 1157 furto
1444 1101 1480 1154 te
1495 1080 1797 1184 sublegiffeJuuie,

299 1183 307 1198 ‘
326 1178 473 1253 editioni
489 1174 564 1249 suae
574 1178 615 1250 N
619 1179 691 1249 onii
707 1177 796 1249 hanc
813 1174 1064 1248 derivationem
1079 1174 1270 1277 adjecerat,
1289 1178 1512 1276 deprehendi.
1533 1205 1616 1255 cum
1637 1182 1662 1256 ss
1676 1183 1797 1281 aliquis

202 1296 208 1305 '
250 1282 316 1361 nbi
332 1277 409 1353 usus
425 1275 539 1351 fuiffet
558 1275 694 1366 Nonii,
718 1279 792 1375 ejus
807 1271 951 1347 diversas
967 1272 1135 1346 editiones
1151 1274 1276 1350 rcciius
1291 1275 1528 1369 consuluiffem
1553 1281 1646 1354 unde
1661 1278 1800 1354 didicis·

253 1380 301 1458 sos
317 1376 504 1478 legendum
521 1374 608 1464 elie,
621 1377 772 1447 Caecilius
789 1382 897 1446 aerior
912 1373 954 1467 est
967 1377 1092 1465 Calais,
1114 1374 1171 1448 vel
1185 1380 1220 1448 ir
1234 1380 1348 1449 calcis.
1365 1379 1426 1474 qui
1443 1376 1567 1453 titulus
1580 1381 1694 1492 operis
1710 1378 1800 1452 Cae·

251 1477 345 1568 cilii,
368 1499 412 1549 ex
425 1499 498 1573 quo
514 1474 552 1546 &
570 1471 805 1573 fragmentum
822 1470 871 1543 est
885 1471 924 1543 in
937 1492 1028 1546 voce
1043 1473 1155 1545 Saniti.
1206 1474 1257 1548 H.
1272 1474 1470 1574 Stephanus
1483 1479 1586 1551 etiam
1604 1503 1641 1551 an
1657 1479 1799 1648 Frapm.
1948 1496 1952 1503 ·

250 1579 340 1652 Vct.
353 1576 494 1672 Poetp
544 1628 549 1641 .
568 1581 590 1645 6
597 1593 626 1669 3.
643 1569 782 1662 edidit,
814 1571 940 1645 Calchis
963 1576 1038 1642 Stat
1051 1570 1266 1662 hieuiciuut,
1286 1572 1324 1670 se
1342 1591 1449 1648 autem
1464 1578 1623 1672 peperiffe.
1650 1577 1729 1651 Got
1756 1601 1799 1648 o·

255 1672 372 1750 fredus
384 1696 468 1748 vcro
484 1596 620 1761 dddit,
647 1673 775 1780 Chalcis
833 1675 891 1740 Sat
908 1669 961 1740 hic
977 1668 1145 1839 uicinusAe
1158 1687 1266 1744 auterre
1273 1673 1450 1769 peperiffe,
1473 1671 1640 1755 distinctis
1659 1674 1800 1773 quidem

252 1769 400 1848 vocibus
415 1771 541 1845 Chalcis
558 1768 596 1842 ὃς
611 1776 671 1842 Sat
687 1767 797 1867 spatio
817 1817 830 1858 ,
855 1764 911 1838 sed
928 1789 1001 1837 non
1018 1790 1090 1862 pun
1128 1791 1150 1838 o
1167 1820 1179 1857 ,
1210 1767 1248 1841 &
1266 1769 1366 1862 Junii
1380 1790 1503 1844 notam
1518 1773 1645 1872 adjecit
1663 1824 1677 1864 ,
1708 1773 1800 1846 &in

251 1870 319 1946 suis
342 1870 468 1943 iterum
492 1869 667 1967 repetivit.
690 1867 785 1943 vides
810 1864 1025 1977 ignorantiae
1050 1863 1127 1937 labe
1147 1882 1185 1937 te
1202 1865 1296 1938 furta
1318 1885 1379 1941 tua
1399 1870 1587 1943 cumulare.
1637 1870 1706 1945 Sed
1726 1874 1801 1970 jam
1954 1957 1959 1964 .

253 1969 441 2068 fatigatum
459 1967 625 2042 lectorem
641 2014 654 2056 ,
685 1985 742 2039 tot
760 1966 904 2062 ineptias
920 1981 990 2036 ate
1006 1962 1042 2033 in
1060 1961 1208 2036 Fabium
1233 1965 1413 2065 congestas
1427 1968 1666 2061 excutiendo,
1697 1967 1735 2042 de
1751 1970 1802 2043 le·

281 2064 442 2141 undosus
460 2067 543 2139 icari
559 2064 607 2138 fas
624 2064 684 2137 est.
734 2066 802 2138 Me
820 2081 914 2136 certe
937 2059 1143 2134 recensendo
1173 2061 1234 2135 diu
1252 2066 1327 2162 jam
1350 2063 1525 2142 fastidium
1543 2091 1659 2142 earum
1677 2068 1803 2168 cepiffe

253 2092 353 2241 {teri
393 2092 514 2238 ollium.
565 2162 745 2264 Ideoque,
781 2161 936 2260 quamvis
952 2160 1070 2260 ingens
1085 2159 1200 2235 adhuc
1215 2163 1319 2260 copia
1333 2163 1377 2236 ad
1400 2189 1539 2239 manum
1558 2166 1628 2256 sat,
1661 2169 1723 2241 hic
1741 2190 1803 2265 pe·

253 2264 331 2338 dem
378 2285 461 2363 gere
475 2262 640 2354 decrevi,
674 2262 864 2337 &tecum
886 2259 1049 2332 omnibus
1072 2259 1142 2332 tuis
1165 2260 1438 2360 adjutoribus&
1459 2262 1670 2364 plausoribus
1689 2267 1804 2340 valere

251 2363 396 2463 jubebo.
426 2361 479 2434 Ut
496 2384 577 2434 vero
592 2360 679 2434 bene
693 2360 851 2433 demilios
866 2383 928 2435 vos
943 2357 1154 2448 sciatis‚hoc
1171 2359 1322 2458 accipite
1336 2360 1547 2455 Schedium,
1572 2388 1643 2437 non
1660 2364 1802 2463 quidem

260 2460 457 2533 Lucilianae
481 2459 744 2558 improbitatis,
776 2455 834 2530 scd
856 2480 928 2555 quo
945 2455 1169 2555 injucundam
1189 2458 1226 2530 &
1242 2460 1459 2534 inamoenam
1478 2464 1566 2535 hanc
1583 2461 1804 2562 disceptatio-

265 2579 341 2630 nem
365 2557 549 2632 exhilarare
566 2558 676 2633 visum
694 2558 774 2629 fuit.

580 2796 673 2882 Fabi
689 2857 700 2894 ‚
728 2795 926 2881 Romuleae
941 2797 1073 2910 diserte
1088 2801 1216 2914 pubis,

577 2907 636 2992 Et
654 2906 798 3020 linguae
821 2910 1027 2993 mederetur
1046 2910 1264 3022 eloquentis,

577 3023 710 3123 ‚Quem
728 3044 790 3101 uec
813 3021 1000 3130 Scaligeri
1013 3018 1141 3133 sagax
1157 3048 1333 3123 acumen,

574 3132 757 3213 Turnebi
777 3154 889 3239 raeque
910 3134 975 3210 vis
991 3127 1104 3237 polita
1122 3136 1238 3240 cepit:
1430 3130 1437 3136 ’

575 3241 702 3346 Qun
724 3263 790 3321 uer
808 3240 970 3347 Cecropii
984 3252 1108 3348 pateus
1126 3241 1256 3325 nitaris

574 3351 780 3444 Budaeus,
808 3372 922 3458 neque
940 3345 1149 3459 perspicacis
1165 3373 1250 3434 acre

576 3458 728 3541 Mureti
750 3461 789 3539 iu
816 3462 938 3540 eur'unr
958 3457 1144 3571 explicare
1163 3459 1313 3570 quivit:

574 3569 695 3668 Quem
719 3485 921 3653 Vidonus
939 3569 1081 3654 abditae
1100 3586 1284 3681 tegentem

571 3677 639 3759 Tot
657 3676 853 3787 mysteria,
882 3703 953 3762 non
967 3682 1111 3794 peritus
1131 3734 1144 3776 ‚
1171 3682 1266 3762 artis
1277 3723 1292 3774 ,-

565 3790 691 3895 Quem
711 3790 847 3904 *devina
876 3789 1133 3886 Casauboni,
1162 3787 1229 3874 arel
1250 3784 1373 3903 ampla

564 3900 677 3982 Meus
699 3895 905 3994 Salmafia,
932 3917 988 3983 tat
999 3900 1239 4008 scientiarum
1417 3982 1420 3987 ,

563 4004 788 4121 Perspexrffe
805 4032 922 4121 capax
944 4029 1102 4122 negatur
1122 4035 1309 4124 umquam.

564 4122 887 4229 Cappronnerius
907 4137 949 4204 at
971 4123 1231 4220 Licentiatas,

563 4228 623 4312 Et
645 4229 834 4312 Diaconas
850 4231 1090 4332 Ambiauus,
1114 4229 1209 4319 illud

561 4339 738 4426 naariae
755 4339 860 4422 decus
877 4339 928 4424 ele
952 4347 1126 4440 artioris,
1201 4421 1203 4426 .

564 4450 621 4529 Et
634 4453 708 4557 flos
727 4453 855 4536 unicus
876 4368 969 4536 aeds
987 4455 1145 4548 eruditi,
1254 4511 1257 4518 -

564 4559 733 4668 Crustas,
759 4560 808 4650 (e
827 4579 938 4676 eaput
956 4557 1275 4761 altustiepalaturrt

563 4669 703 4756 Samae
721 4665 817 4752 tetta
834 4671 967 4760 breue
983 4672 1105 4791 drsup
1119 4698 1215 4774 nee,
