4064 5558
295 350 302 371 ,.
375 296 476 387 ao
532 244 1453 401 ct;.·carrtrtountrtrun..
1537 368 1541 375 .
1645 330 1700 416 49

163 454 305 543 tiones,
331 462 417 548 quae
433 469 552 523 omnes
569 456 614 516 e'o
630 436 802 527 redeunt,
835 451 874 506 ut
887 434 1001 526 JCtos
1015 434 1146 507 eausos
1163 435 1286 531 probes
1304 487 1316 527 ,
1347 440 1444 537 quod
1462 464 1564 515 nemo
1581 465 1700 543 negat:
1749 440 1753 447 “

161 548 360 627 sedentum
386 544 592 621 audoritate
612 560 683 611 non
704 534 863 618 utimur,
896 533 1031 628 quoties
1046 531 1089 601 de
1113 533 1309 605 emendatae
1325 535 1518 634 scriptionis
1532 542 1702 639 elegantia

163 650 290 746 agitur.
339 645 477 717 Deinde
490 626 582 712 curn⁴
596 657 665 733 ego
687 622 789 726 hu'jus
811 628 906 698 vocis
934 632 1113 700 lucratione
1136 624 1232 700 usum
1256 629 1404 705 solorum
1431 639 1701 736 lexicographo·

162 771 242 819 rum
268 741 475 817 auctoritare
505 738 568 809 niti
588 782 602 823 ,
627 730 687 827 qui
708 744 915 820 corruptum
935 726 1030 796 hunc
1044 725 1142 796 Fabii
1160 725 1278 797 locum
1293 729 1495 828 adducunt,
1529 739 1699 828 dixissem,

161 843 225 917 Tu
242 864 344 938 rogas
361 889 375 930 ,
397 857 562 935 quaenam
579 851 646 925 ego
658 823 771 897 lexica
785 821 958 917 legerim?
984 821 1022 892 dt
1039 821 1164 918 objicis
1188 825 1276 894 mihi
1296 833 1485 923 Dareium,
1509 859 1613 932 quern
1631 859 1699 932 ego

160 961 355 1034 numquam
374 933 483 1009 oculis
495 928 568 1004 vidi
582 924 690 1011 meis,
715 917 770 991 scd
785 941 889 1014 quern
905 941 948 988 ex
967 937 1031 990 tuo
1053 919 1185 990 indicio
1206 921 1289 995 alios
1305 928 1525 1023 compilasse,
1547 932 1584 1003 &
1600 933 1700 1007 vobis

163 1038 307 1110 Francis
323 1034 577 1109 Germanorum
592 1019 631 1092 bt
642 1020 788 1091 aliorum
806 1014 936 1087 labores
954 1040 1018 1111 pro
1036 1013 1100 1088 suis
1115 1015 1299 1090 venditasse
1323 1026 1489 1119 conjicio.
1542 1029 1623 1127 Ego
1641 1054 1701 1103 ve.

166 1158 209 1205 ro
227 1129 436 1231 potissimum
449 1126 547 1198 Fabri
560 1116 777 1191 Thesaurum
795 1111 971 1188 consulere
983 1111 1095 1204 soleo,
1121 1137 1184 1185 nec
1199 1117 1375 1211 poenitet,
1393 1146 1470 1194 nam
1487 1124 1523 1194 bt
1539 1127 1610 1222 ipse
1626 1131 1697 1201 Ste-

161 1231 280 1323 phani,
305 1230 386 1300 locu
411 1223 512 1299 letior
524 1217 622 1304 alias,
647 1215 712 1285 hac
728 1233 818 1281 voce
834 1231 953 1297 caret,
978 1234 1083 1307 quam
1099 1213 1161 1282 Tu
1178 1210 1336 1286 infarcire
1351 1217 1531 1293 Thesauro
1542 1229 1614 1318 jam
1659 1250 1697 1299 o·

105 1356 119 1361 ·
167 1328 271 1394 teris:
305 1321 361 1394 sed
377 1253 410 1393 s
423 1340 511 1416 opus
526 1312 592 1389 tibi
611 1306 842 1383 inscribendo
859 1330 902 1379 eo
924 1305 1057 1397 fuerit,
1091 1328 1132 1380 ut
1150 1311 1266 1404 potius
1282 1316 1400 1410 lanoso
1415 1321 1544 1410 utaris,
1578 1346 1618 1393 au
1655 1347 1698 1395 or

144 1418 278 1490 essem.
636 1415 640 1422 ⁴

210 1518 295 1613 Pag.
316 1526 447 1609 roan.
469 1529 550 1606 113.
572 1505 634 1580 ubi
652 1511 768 1577 Parrus
792 1502 836 1575 de
858 1523 947 1575 voce
961 1501 1116 1594 astantia,
1144 1501 1277 1576 Graece
1299 1512 1401 1603 iria,
1426 1516 1575 1588 remittit
1590 1515 1698 1589 lesio·

166 1635 216 1686 tes
231 1621 274 1685 ad
301 1617 434 1684 Mureti
461 1612 569 1683 varias
591 1601 789 1690 lectiones,
824 1601 988 1674 Senecam
1015 1597 1255 1673 &Sidonium
1284 1632 1291 1674 :
1324 1609 1387 1680 Tu
1414 1610 1463 1681 ihi
1484 1638 1528 1687 ex
1556 1614 1696 1686 Rheto.

162 1712 249 1782 rices
267 1710 436 1808 magistris
451 1697 863 1804 quaedamsubjungens,
890 1719 976 1793 quae
999 1718 1062 1767 ¹¹⁶0
1084 1697 1153 1770 tiro
1176 1701 1333 1796 ignorat,
1360 1713 1496 1781 Parrum
1510 1709 1570 1783 ista
1588 1712 1698 1807 gloria

140 1807 233 1881 'frui
256 1809 379 1904 pateris
399 1854 413 1897 ,
436 1801 493 1876 sed
517 1824 601 1873 mox
624 1823 657 1869 n.
679 1816 759 1891 155.
783 1797 925 1889 efflrrrtr'ar
947 1815 1069 1864 vocem
1096 1796 1303 1870 aCiccrone
1323 1803 1397 1900 ipso
1423 1807 1615 1904 usurpatam
1634 1808 1699 1881 do·

163 1926 222 1979 ces
236 1928 281 1977 ex
293 1908 422 1977 Mureti
436 1896 586 2000 ejusdcm
602 1894 757 1982 indicio,
782 1906 853 1989 quo
868 1888 1032 1963 tectorem
1043 1895 1116 1986 jam
1132 1915 1228 1966 antea
1243 1900 1412 1973 remiserat
1425 1907 1565 1995 Parrus,
1587 1904 1624 1978 &
1640 1931 1697 1980 ac·

164 2000 319 2075 cumulas
332 2000 368 2073 su
456 2019 614 2069 acaneam
632 2012 751 2064 notam
766 1987 924 2060 inutilem
942 1987 980 2058 &
1024 2012 1137 2061 ranem
1154 1994 1304 2065 Senecae
1322 1996 1358 2067 ὅ(
1375 1998 1509 2072 Sidonii
1527 2003 1633 2090 locis,
1658 2025 1699 2076 ut

162 2121 264 2173 notae
292 2122 386 2196 quar
408 2118 518 2171 novae
542 2113 670 2167 nornen
694 2084 972 2161 CAPPERON
1022 2086 1132 2159 ERII
1159 2087 1386 2260 subscripcrum
1413 2096 1566 2197 conspici
1590 2100 1700 2193 poll'et

163 2196 318 2286 abillis,
348 2194 410 2292 qui
424 2190 506 2290 ipsas
523 2209 622 2263 notas
639 2209 710 2259 non
727 2182 923 2257 excutiunt.
973 2181 1043 2254 Cui
1065 2206 1149 2257 vero
1171 2184 1267 2258 bono
1334 2191 1407 2264 usui
1424 2213 1494 2266 tam
1511 2194 1628 2269 insulsa
1643 2222 1699 2270 ea·

163 2293 325 2367 rumdem
341 2315 455 2371 rerum
472 2288 589 2362 eadem
605 2284 779 2382 inpagina
799 2277 996 2378 repetitio?
1028 2280 1095 2354 Sed
1121 2281 1191 2354 hoc
1213 2282 1375 2361 sollemne
1405 2292 1502 2382 tibi,
1536 2295 1595 2391 qui
1616 2317 1696 2394 pag.

122 2390 126 2396 ’
164 2413 250 2489 232.
271 2414 304 2463 n.
320 2384 628 2485 170.&seq.cum
644 2378 802 2453 nanetus
817 2375 1035 2475 explicuisset
1048 2397 1116 2453 tres
1133 2381 1277 2456 virtutes
1288 2387 1481 2476 orationis,
1509 2392 1570 2463 Tu
1587 2416 1631 2463 ne
1647 2399 1699 2467 vi·

164 2488 273 2561 dearis
288 2486 387 2559 illum
397 2484 579 2580 expilare,
601 2477 747 2553 ridicule
760 2475 927 2574 anticipas
940 2472 1058 2548 eadcrn
1074 2499 1153 2577 pag.
1197 2480 1388 2555 raecedenti
1408 2505 1490 2581 231.
1507 2512 1541 2558 n.
1563 2499 1643 2561 160.
1660 2490 1698 2563 ὃ(

164 2585 234 2683 seq.
267 2587 364 2658 Haec
380 2581 457 2656 sunt
471 2579 554 2657 sane
564 2576 716 2653 hominis
732 2575 808 2647 otio
821 2571 1022 2666 abutentis,
1046 2573 1158 2672 &qui
1171 2503 1360 2651 sertor-ibus
1378 2583 1522 2656 incautis
1539 2576 1698 2682 impone·

164 2708 202 2757 re
216 2681 342 2755 studet.
438 2688 443 2699 “
1279 2724 1281 2728 v

214 2784 298 2880 Pag.
311 2800 399 2876 415·
416 2803 449 2851 n.
467 2800 549 2870 207.
565 2770 709 2873 operose
720 2771 792 2869 agis
805 2768 849 2844 de
862 2793 952 2845 voce
958 2767 1188 2867 scholasticus,
1212 2769 1250 2843 ὅ(
1261 2797 1301 2848 ca
1317 2774 1467 2874 profers,
1493 2803 1580 2876 quae
1595 2804 1699 2855 nemo

165 2880 305 2977 ignorat
328 2876 443 2973 paullo
467 2872 633 2963 dodior,
657 2870 695 2943 ἃ
714 2892 801 2966 quae
823 2892 868 2941 ex
883 2866 1068 2941 Thesauris
1085 2867 1121 2939 &
1137 2869 1307 2965 Lexicis,
1330 2872 1368 2943 ὅ(
1384 2882 1561 2951 Woawrrio
1578 2878 1618 2951 ad
1634 2882 1699 2953 Pe·

169 2994 264 3047 tron.
279 2996 356 3068 cap.
372 2995 422 3045 vt.
437 2995 509 3070 quo
525 2970 740 3045 Lexicotum
757 2963 937 3038 architesli
954 2964 1157 3055 remittunt,
1183 2967 1379 3043 convasasti.
1719 3042 1726 3053 ,

218 3069 286 3145 Sed
302 3088 342 3141 ut
357 3066 398 3139 &
416 3068 578 3141 criticum
595 3085 632 3138 te
654 3062 796 3137 credant
817 3084 918 3161 agere
933 3059 1027 3160 posse
1045 3065 1225 3162 populares
1247 3068 1300 3140 tui
1314 3068 1467 3162 Galluli,
1489 3073 1550 3170 qui
1573 3093 1609 3146 te
1623 3077 1701 3149 uni·

166 3190 249 3240 curn
268 3165 451 3239 hodiernae
466 3165 501 3237 in
516 3163 662 3239 Francia
678 3159 833 3234 nondum
852 3163 1098 3233 intermortuae
1108 3162 1265 3253 §siricae
1283 3163 1454 3259 specimen
1471 3168 1571 3241 nobis
1587 3173 1699 3246 osten·

161 3282 255 3356 tant,
279 3287 359 3363 pag.
376 3285 435 3358 24.
450 3284 487 3335 n.
503 3283 537 3359 5.
551 3258 690 3334 adducis
705 3259 825 3332 locum
840 3281 884 3331 ex
900 3256 1262 3353 TerentiandMauro
1278 3311 1290 3353 ,
1315 3259 1352 3332 &
1370 3262 1503 3338 versum
1525 3266 1622 3342 illum
1640 3296 1697 3369 ag·

157 3364 273 3459 graffiis
291 3362 531 3448 iabn'ardrrrrr,
557 3355 651 3456 quast
666 3376 729 3429 tuo
746 3374 856 3429 marte
872 3378 944 3427 tem
960 3377 1101 3454 gerens,
1126 3359 1290 3457 corrigis,
1306 3357 1427 3435 addens
1437 3396 1451 3451 3
1470 3365 1615 3458 Malim,
1640 3395 1699 3466 ag·

157 3459 277 3556 grrffir.
327 3463 443 3556 Atque
456 3455 566 3529 iddiu
581 3476 660 3529 ante
672 3473 708 3526 te
722 3476 843 3528 natum
857 3455 1017 3548 Briffaerrs
1032 3455 1069 3537 in
1080 3451 1233 3528 editione
1258 3454 1314 3529 sua
1330 3482 1407 3557 pag.
1427 3483 1459 3557 5.
1478 3464 1697 3558 expresserat.

161 3557 247 3647 licet
263 3555 419 3629 Barrbirrs
437 3553 498 3627 lib.
513 3578 574 3627 xv.
592 3553 684 3627 Ado.
699 3577 774 3649 cap.
793 3574 825 3623 2.
850 3574 925 3622 eam
948 3550 1221 3625 emendationem
1244 3552 1446 3650 improbet,
1480 3557 1529 3629 δι’
1540 3564 1697 3656 aggrefflrs

160 3655 198 3729 vi
214 3652 365 3749 patiendi
378 3649 533 3750 positum
549 3648 759 3741 contendat,
772 3649 815 3723 de
829 3672 899 3747 quo
916 3671 1010 3721 nunc
1028 3672 1099 3723 non
1109 3669 1213 3745 ¹uacat
1227 3649 1431 3746 disquirere,
1457 3651 1581 3727 sufficit
1598 3659 1693 3735 enim

159 3752 248 3825 mihi
265 3769 301 3823 te
316 3751 422 3848 plagii
439 3746 607 3823 manifesti
623 3773 721 3823 reum
740 3746 915 3847 peregisse.
965 3746 1064 3842 Nam
1081 3743 1107 3819 fi
1124 3746 1319 3846 persuadere
1336 3751 1419 3824 velis
1433 3750 1580 3825 credulis
1597 3774 1633 3829 te
1650 3756 1693 3829 il·

157 3848 226 3923 lam
238 3847 429 3922 editionem
446 3872 517 3920 non
532 3847 671 3940 vidisse,
696 3866 836 3945 turpem
851 3844 1066 3919 securitatem
1083 3846 1279 3919 confitearis
1297 3849 1427 3921 necesse
1441 3850 1512 3938 est,
1533 3875 1613 3923 cum
1633 3870 1693 3927 nc·

159 3972 218 4022 mo
233 3948 334 4020 lacile
347 3945 603 4020 emendationes
614 3946 742 4046 jacinte
760 3942 915 4033 debeat,
942 3962 1125 4043 antequam
1145 3943 1313 4018 editiones
1334 3949 1441 4019 varias
1463 3948 1692 4044 consuluerit,

162 4042 198 4117 dt
214 4047 395 4143 praecipue
409 4043 616 4135 nobiliores,
644 4042 682 4115 dt
697 4040 766 4115 sere
779 4043 917 4132 unicas,
932 4065 1019 4139 quae
1035 4067 1118 4117 cum
1136 4044 1227 4117 notis
1242 4042 1417 4140 prodiere,
1435 4065 1475 4115 ut
1490 4042 1575 4118 haec
1594 4050 1691 4144 Bris-

157 4140 256 4237 firrr',
277 4168 382 4241 quam
397 4143 435 4215 in
449 4143 595 4217 Francia
615 4141 701 4215 olim
715 4139 888 4240 proditam
904 4140 941 4209 in
956 4139 1185 4214 Bibliothecis
1200 4138 1439 4214 Parifienfibus
1457 4190 1469 4230 ,
1499 4141 1582 4215 licet
1599 4147 1693 4244 apud

162 4264 227 4312 not
240 4245 345 4315 rarior
359 4241 420 4330 lit,
444 4241 624 4313 defiderari
638 4264 710 4313 non
727 4259 857 4335 putem.
893 4234 1046 4310 Criticae
1060 4261 1144 4312 vero
1159 4257 1239 4310 tuae
1251 4236 1460 4333 sagacitatis,
1512 4265 1554 4313 ua
1569 4268 1690 4319 omnes

159 4336 354 4438 hodie,qui
370 4339 640 4413 commentarios
656 4336 810 4413 scribunt
827 4339 864 4413 in
876 4332 1061 4433 scriptores
1072 4261 1518 4423 veteres‚commendarese
1534 4338 1690 4430 student,

157 4439 297 4535 egregia
309 4438 440 4535 ubique
450 4434 637 4532 specimina
649 4436 739 4525 edis,
762 4431 818 4508 sed
835 4457 921 4532 quae
935 4433 1053 4505 omnia
1066 4453 1257 4531 congerere
1277 4433 1441 4530 prohibet
1461 4455 1572 4511 metus
1598 4437 1692 4513 fasti·

157 4532 230 4625 dii,
254 4532 351 4633 quod
366 4530 553 4607 lectoribus
565 4533 711 4608 suboriri
726 4532 848 4632 posset.
869 4614 873 4621 ,
896 4530 1011 4604 Pauca
1025 4549 1142 4604 tamen
1158 4528 1329 4605 adducere
1347 4532 1479 4631 placet,
1505 4533 1542 4607 &
1560 4535 1630 4608 hoc
1646 4534 1688 4611 fi·

134 4630 234 4718 ,mul
247 4653 501 4731 praemonere,⁸
512 4650 549 4707 te
566 4630 825 4729 numquam,vel
837 4657 935 4729 tato,
952 4628 1295 4804 ubilocagudacitet
1310 4633 1455 4731 corrigis
1465 4631 1691 4727 „rationibus

759 4740 766 4751 “
1631 4747 1692 4803 aut
