4064 5558
496 239 587 327 no
643 236 738 324 cn:
785 228 1573 334 cnnruaomnen1um.··
1723 287 1792 340 21,

238 427 351 482 tarum
367 399 537 500 farragine
546 430 559 486 3
585 415 692 492 teque
706 388 828 465 ordine
842 389 879 462 ἃ
895 387 987 464 rede
1002 387 1175 464 laesurum
1189 390 1286 467 fuisse
1302 397 1661 496 omnessatebuntur,
1687 405 1710 481 li
1726 428 1770 483 ex
1787 462 1790 466 »

239 506 356 604 Regia
374 503 411 575 &
429 495 634 572 Colbertina
648 489 864 566 bibliotheca
885 511 1005 559 omnes
1030 489 1196 581 codices,
1220 515 1306 588 quos
1327 496 1399 568 vix·
1412 496 1514 571 semel
1529 503 1644 577 obiter
1666 521 1702 577 te
1718 508 1773 578 in·

237 600 378 705 spexilsc
396 595 600 699 profiteris,
633 589 816 693 diligenter
830 583 1048 677 excushffes,
1084 586 1207 660 &non
1229 592 1264 661 in
1289 591 1544 690 minutislimis,
1569 602 1714 675 concilis
1730 603 1770 677 ὃς

238 700 410 776 contortis
424 690 640 768 Rhetoricae
657 681 1046 785 quaeliiunculis'omne
1060 685 1172 756 otium
1196 686 1402 782 perdidisses.
1449 695 1515 768 Sed
1537 697 1560 770 ὃ
1579 697 1670 772 bone
1695 700 1769 793 vir,
1834 730 1838 737 ·

240 799 353 874 lihoc
378 777 525 894 peccand
537 787 608 877 est,
633 807 695 856 cur
709 781 831 874 nontin
848 803 967 852 omnes
984 783 1129 853 omnino
1153 781 1321 857 declamas
1344 787 1437 863 viros
1459 791 1605 887 enetos,
1631 798 1691 893 qui
1708 822 1768 870 va·

238 902 366 975 riarum
384 892 592 973 sessionum,
617 881 801 953 maximam
818 898 949 975 partem
965 877 1163 969 inutilium,
1188 880 1321 953 libellos
1335 888 1610 984 concinnarunt,
1635 919 1677 966 eo
1693 912 1769 967 tan·

240 1017 318 1070 tum
337 989 509 1075 confilio,
531 1001 571 1053 ut
584 1003 630 1052 ex
646 974 777 1050 vitiosis
790 974 934 1072 &saepe
951 971 1038 1046 falfis
1053 975 1277 1069 lectionibus,
1301 1002 1491 1057 aurearum
1508 991 1770 1090 vestigiis,acu·

242 1096 272 1167 ti
287 1091 365 1189 posi
382 1087 415 1159 se
430 1083 584 1158 homines
597 1099 709 1148 veram
726 1073 950 1172 indagarent,
984 1072 1080 1171 quod
1095 1075 1223 1147 centies
1244 1099 1286 1148 ex
1310 1097 1398 1152 voto
1416 1080 1600 1159 succeffrlle
1623 1090 1769 1180 novisti,

244 1190 283 1262 bt
298 1187 366 1285 ipse
381 1184 445 1257 tibi
463 1197 625 1276 magnum
642 1171 722 1244 inde
738 1168 964 1268 gloriandi&
982 1189 1017 1243 te
1038 1171 1236 1244 venditandi
1259 1194 1372 1248 natam
1387 1177 1453 1250 esse
1466 1181 1680 1257 occasionem
1697 1209 1769 1260 non

239 1282 448 1357 diffiteberis.
497 1278 632 1349 Nonne
648 1295 691 1342 ex
707 1268 859 1366 imperiti
875 1267 1001 1339 librarii
1016 1263 1127 1365 lapsu,
1153 1271 1213 1365 qui
1228 1282 1381 1366 κοινωμίαν
1397 1275 1554 1370 dederat,
1575 1303 1614 1354 tu
1632 1285 1767 1383 magni·
1881 1360 1884 1366 ,

232 1381 344 1453 sicam
357 1378 476 1465 illam,
500 1372 537 1443 ὃ(
554 1391 642 1467 quae
656 1366 820 1440 divinitus
836 1365 900 1436 tibi
918 1362 978 1435 soli
995 1363 1032 1436 δε
1048 1368 1162 1462 primo
1177 1368 1214 1439 in
1230 1388 1382 1442 mentem
1399 1371 1468 1446 scil.
1488 1398 1625 1451 venerat
1644 1432 1655 1471 ,
1682 1405 1769 1453 con-

235 1476 436 1577 jediutam,
461 1495 529 1569 qua
544 1475 691 1539 κοινωνίαι
713 1462 890 1552 rellituis,
913 1458 1146 1561 exsculpsrsti?
1169 1465 1232 1536 Tu
1248 1489 1352 1559 vero,
1377 1473 1436 1567 qui
1457 1470 1591 1548 securus
1605 1479 1770 1550 omnium

241 1573 428 1660 codicum,
453 1569 491 1641 ἃ
509 1560 668 1662 deposito
683 1562 779 1633 omni
796 1559 994 1631 conferendi
1008 1560 1179 1633 labore&
1194 1562 1374 1656 molestia,
1401 1593 1479 1642 meo
1492 1569 1613 1645 sudore
1630 1572 1771 1666 frueris,

237 1670 423 1773 ¹poscesne,
448 1686 488 1739 ut
503 1662 707 1759 catalogum,
719 1676 902 1763 contexam
917 1656 1205 1761 inutiliffimamm
1223 1659 1439 1759 lediionum,
1465 1692 1546 1774 quas
1566 1689 1605 1742 tu
1621 1671 1770 1763 transtu·

240 1771 307 1842 lilii
325 1771 362 1841 in
388 1789 483 1839 tuam
506 1761 723 1848 editionem,
753 1754 790 1827 &
805 1752 980 1826 ostendam
996 1775 1032 1827 te
1045 1757 1159 1829 multo
1176 1758 1465 1857 probabilioribus
1479 1760 1609 1840 resesiis
1627 1818 1639 1858 ,
1672 1767 1771 1866 pelli·

240 1892 312 1940 mas
342 1864 438 1962 saepe
463 1857 647 1934 retinuisse.
701 1854 768 1928 Sed
795 1850 978 1926 deceslillet
1002 1853 1152 1925 multum
1179 1856 1264 1927 moli
1288 1854 1325 1929 ὃ(
1348 1862 1569 1957 pretio-tuae
1587 1865 1769 1957 editionis,

241 1951 505 2039 fiex'innumero
521 1957 581 2028 illo
599 1976 720 2025 numero
738 2001 751 2041 ,
774 1949 1055 2039 innumerabilem
1073 1949 1186 2023 adhuc
1198 1976 1364 2026 acervum
1387 1955 1548 2032 servasses.
1597 1961 1672 2034 Cur
1688 1952 1773 2036 iero

239 2087 283 2162 pa
312 2118 319 2132 .
335 2058 394 2153 84.
408 2083 442 2129 n.
457 2078 515 2153 23.
533 2056 691 2150 ineptam·
707 2046 891 2122 leeiionem
908 2071 952 2119 ex
970 2048 1123 2145 margine
1137 2047 1236 2123 Rafil.
1252 2076 1273 2122 a
1278 2051 1388 2146 fronte
1403 2079 1472 2126 non
1489 2058 1640 2156 abjecisti
1656 2092 1669 2146 3
1728 2086 1772 2136 ua

242 2086 417 2232 absurdior
445 2151 638 2250 excogitari
662 2171 735 2219 non
754 2144 943 2243 potuerat?
974 2168 1017 2216 an
1037 2145 1079 2217 ad
1106 2147 1317 2220 Rhetoricae
1338 2151 1496 2247 mysteria
1531 2085 1770 2254 percipienda,

241 2251 354 2330 facere
369 2249 563 2338 credidisti,
589 2245 662 2318 srn.
680 2266 736 2342 30.
758 2267 824 2340 pro
840 2267 913 2331 nec,
938 2243 974 2313 in
989 2241 1080 2314 Cod.
1095 2241 1222 2316 Al'mel.
1238 2243 1307 2344 legi
1323 2271 1420 2340 aeque
1434 2272 1631 2324 moneretur
1648 2253 1772 2327 leesor?

243 2351 319 2426 Cur
339 2373 418 2450 pag.
437 2346 516 2422 188.
541 2368 575 2416 n.
590 2353 650 2429 69.
679 2341 800 2436 Steph.
815 2339 911 2412 Edit.
933 2337 1108 2412 absurdam
1125 2340 1340 2436 sessionem,
1373 2371 1476 2442 quam
1496 2372 1567 2446 ego
1593 2350 1772 2425 omiseram

242 2471 285 2524 ut
300 2471 482 2548 operarum
500 2441 695 2541 lapsum,ar
710 2459 938 2536 vero,magna
950 2461 1031 2509 cum
1046 2437 1255 2532 ambitione,
1272 2441 1310 2513 ὃ(
1327 2441 1426 2516 fimul
1435 2446 1584 2518 Homeri
1597 2447 1641 2520 de
1654 2450 1772 2521 Ther·

247 2548 311 2623 lite
325 2551 471 2630 locum,
503 2564 605 2640 quem
622 2561 725 2609 nemo
742 2534 942 2633 ignorabat,
968 2534 1160 2632 producis?
1185 2538 1223 2609 &
1240 2540 1366 2611 iterum
1388 2543 1513 2639 repetis
1538 2567 1617 2642 pag.
1636 2553 1719 2640 23⁶·
1738 2571 1774 2619 n.

246 2656 330 2719 261.
358 2649 411 2716 An
429 2641 471 2712 ad
484 2639 706 2713 eruditorum>
716 2630 903 2706 subfidium
928 2631 1040 2704 iacere
1063 2632 1252 2722 credebar,
1285 2633 1310 2706 fi
1334 2657 1412 2735 pag.
1440 2634 1522 2734 285.
1547 2664 1579 2712 n.
1612 2664 1690 2737 104.
1706 2667 1774 2742 pro

175 2795 180 2803 ,
242 2751 337 2819 Scaro
354 2736 474 2814 vitiose
491 2741 648 2812 Scaurum
664 2733 732 2831 legi
745 2727 934 2803 moneres?
961 2729 1028 2804 Sed
1071 2754 1113 2803 ua
1126 2729 1242 2803 fronte
1257 2755 1335 2829 pag.
1348 2754 1430 2902 313..
1446 2760 1480 2807 n.
1497 2755 1574 2831 ¹32·
1587 2746 1773 2833 propriora,

243 2863 369 2917 vocem
378 2834 622 2910 Grammaticis
638 2827 855 2918 damnatam,
874 2825 912 2897 ὅ(
929 2824 1041 2925 fijam
1086 2828 1179 2899 atina
1195 2827 1320 2899 censeri
1339 2854 1386 2927 po
1414 2849 1469 2922 et,
1494 2854 1537 2904 eo
1554 2834 1636 2907 loco
1647 2837 1774 2910 incon·

131 2940 134 2949 .
248 2959 370 3037 gruans
384 2955 426 3003 ex
443 2932 553 3004 MSS.
567 2926 728 3026 profers?
754 2925 829 2996 Cur
849 2922 967 2992 eadem
982 2925 1106 3021 pagina
1123 2946 1156 2995 n.
1180 2944 1259 3021 134.
1278 2951 1345 3022 pro
1351 2935 1400 3024 fic
1415 2978 1428 3020 ,
1454 2932 1490 3002 in
1508 2932 1685 3006 codicibus
1702 2934 1775 3034 legi

247 3026 435 3109 itanotas?
460 3026 640 3098 &iterum
658 3021 775 3094 eadem
793 3041 871 3118 pag.
888 3044 922 3091 n.
945 3040 1025 3117 ¹43·
1049 3020 1099 3092 bis
1114 3023 1303 3119 producis,
1338 3041 1480 3103 utrumne
1502 3045 1592 3100 tuum
1608 3056 1651 3101 an
1664 3035 1773 3119 illius,

243 3132 280 3205 in
295 3129 412 3201 eadem
430 3144 514 3197 nota
529 3146 572 3195 ex
590 3119 757 3194 Vomano
782 3137 890 3229 tertio
905 3168 918 3208 ,
940 3115 1035 3215 quod
1053 3141 1122 3229 ego
1145 3119 1245 3191 semel
1260 3121 1479 3194 adduxeram.
1529 3127 1708 3198 Haeccine
1724 3129 1776 3201 est

241 3224 410 3302 fastidiosa
425 3222 481 3294 illa
498 3219 536 3291 &
547 3213 728 3308 Censoria,
752 3240 819 3313 qua
831 3214 1010 3384 tepadias,
1034 3213 1236 3313 diligentia?
1260 3216 1384 3288 Homo
1403 3241 1459 3310 es,
1472 3222 1536 3305 mi
1551 3221 1772 3319 Licentiate,

245 3326 501 3421 &quamquam
519 3317 560 3388 ad
574 3317 690 3415 magni
698 3311 858 3386 Praesulis
898 3313 1075 3410 ignitatem
1089 3313 1154 3386 tibi
1168 3312 1386 3389 dedicatio&
1395 3316 1558 3412 praefatio
1573 3321 1663 3395 viam
1678 3322 1773 3397 forte

132 3416 138 3427 ’
245 3447 266 3496 a
312 3424 424 3500 riret,
451 3412 534 3510 (nifi
549 3415 828 3502 Falconnetum,
851 3410 970 3501 illum,
993 3431 1113 3509 puto,
1138 3411 1387 3501 Archiatrum,
1412 3415 1493 3487 levis
1511 3415 1547 3487 bt
1565 3406 1772 3494 desultorius

247 3521 352 3592 ciens
368 3510 570 3590 offenderis)
586 3511 761 3582 obnoxius
782 3528 896 3581 tamen
916 3507 1086 3580 erroribus
1110 3507 1148 3578 ὅ(
1172 3511 1310 3608 ineptus
1327 3511 1539 3584 Rhetoricae
1563 3515 1643 3585 artis
1658 3520 1769 3615 magi·

246 3616 313 3690 ller
336 3612 498 3686 manebis.
548 3606 721 3680 Curvero
744 3629 787 3677 ex
803 3603 938 3677 Codice
955 3604 1215 3693 Almelovenii,
1248 3629 1350 3704 quern
1376 3607 1479 3679 toties
1503 3610 1715 3705 petulantem
1731 3617 1771 3687 in

243 3713 391 3789 modum
404 3708 577 3807 exagitas,
601 3703 744 3777 subsidia
760 3705 848 3801 petis
863 3703 1069 3801 conjediuris
1085 3700 1183 3775 tuis?
1208 3701 1246 3776 &
1260 3728 1338 3804 pag.
1359 3725 1438 3802 342.
1455 3729 1488 3778 n.
1509 3729 1588 3794 129.
1605 3711 1772 3805 calligonus

242 3805 531 3912 producis,quod
542 3804 634 3874 sanae
650 3804 774 3874 mentis
788 3825 892 3873 nemo
903 3800 1119 3874 Criticorum
1133 3805 1527 3902 proellicimusrecipiet,
1536 3804 1600 3876 etsr
1611 3810 1683 3902 jam
1693 3813 1770 3882 alli.

240 3933 351 4009 gamus
369 3903 448 3979 esset
462 3901 640 3999 scripturn.
675 3902 732 3972 An
749 3923 821 3972 non
835 3898 1018 3971 ridiculum
1035 3897 1161 3971 sensum
1178 3899 1319 3972 exhibet
1336 3925 1371 3998 p.
1384 3924 1462 3999 377.
1480 3901 1703 3999 n‚133‚salst,
1717 3908 1768 3979 dp.

243 4003 372 4105 guitur?
393 4003 455 4075 Tu
470 4021 665 4073 tameneam
683 3995 825 4096 profers.
859 3997 915 4067 Ex
925 3995 1092 4070 Voffianis
1109 4020 1187 4096 pag.
1200 4019 1281 4093 504.
1296 4022 1330 4069 n.
1347 4022 1407 4081 9¹·
1423 4018 1538 4095 aperte
1556 3999 1709 4097 ineptam
1727 4003 1767 4075 ὃς

246 4101 416 4175 absurdam
433 4097 615 4172 ledtionem
631 4097 705 4167 duce
720 4100 854 4184 melers,
885 4092 955 4190 legi
970 4094 1007 4164 in
1022 4112 1081 4166 tua
1095 4094 1248 4166 editione
1270 4097 1406 4193 pateris.
1458 4094 1525 4165 Sed
1542 4093 1619 4169 finis
1635 4099 1687 4171 his
1703 4123 1769 4174 nu-

246 4200 406 4298 gacibus,
430 4196 467 4269 ὃς
482 4217 567 4292 quae
581 4216 702 4265 omnes
723 4196 760 4265 in
775 4213 811 4266 te
834 4191 1024 4288 retorqueri
1048 4191 1214 4285 poliunt,
1246 4190 1543 4265 criminationibus
1571 4193 1767 4291 faciendus,

244 4320 330 4369 cum
344 4297 435 4369 nulla
449 4291 489 4366 lit
507 4291 662 4391 pagina,
687 4313 730 4362 ex
748 4313 815 4386 qua
829 4313 901 4362 non
922 4288 1107 4387 ineptiores
1127 4337 1139 4376 ,
1172 4311 1252 4382 quas
1267 4283 1399 4359 servasti
1417 4338 1430 4379 ,
1463 4289 1596 4389 rejeetis
1618 4298 1769 4392 produci

243 4392 408 4493 possent,
438 4389 475 4462 δε
514 4412 572 4461 uas
593 4408 634 4461 tu
650 4386 823 4461 retinuisse
838 4387 989 4472 videris,
1020 4408 1064 4454 ne
1079 4383 1225 4452 nimium
1247 4381 1349 4457 molis
1362 4385 1531 4460 volumini
1546 4408 1610 4462 tuo
1623 4392 1782 4464 decede·

242 4511 305 4564 ret.
357 4488 474 4588 Qtare
491 4413 629 4576 iesrno,
651 4509 733 4557 cum
750 4485 921 4556 neminem
939 4481 1018 4554 talia
1030 4478 1222 4572 lesiurum,
1238 4503 1296 4556 aut
1311 4485 1436 4557 collata
1451 4485 1624 4583 utriusque
1640 4488 1768 4561 editio-

239 4607 281 4664 ne
298 4588 341 4664 ad
354 4584 671 4673 severamCriticae
686 4582 768 4655 artis
787 4582 902 4684 legem
924 4579 1128 4658 exadiurum
1150 4579 1335 4751 congdam.
1386 4583 1508 4660 Unum
1532 4605 1645 4658 tamen
1668 4608 1767 4684 prae-

244 4718 251 4729 ·
1270 4699 1286 4776 i
1694 4703 1768 4756 ter-
