4058 5558
230 246 286 331 so
453 218 1523 321 1’.ssuitiiinNri1ErisTOLa

231 387 443 480 conferant,
465 387 543 487 jure
558 380 753 479 postulabo.
800 379 896 474 Quia
921 402 1004 453 vero
1027 398 1068 451 tu
1090 400 1165 449 eam
1188 376 1225 448 in
1249 398 1325 448 mm
1346 376 1384 451 δι
1400 379 1547 453 aliorum
1564 376 1690 477 scripta
1711 398 1771 479 ty·

232 486 412 562 rannidem
428 506 588 557 exercete
603 478 763 570 voluisti,
789 500 829 551 ut
849 495 947 549 notas
964 496 1119 566 mutare,
1143 474 1351 573 corrigere,
1373 476 1538 567 resecare,
1564 478 1632 551 tuis
1653 479 1777 551 immi.

234 586 347 675 scere,
374 584 412 655 δι
429 604 549 655 omnes
565 578 702 653 turbare
720 575 785 647 tibi
800 571 952 647 suniseris
971 625 988 665 ,
1011 593 1049 645 ut
1066 570 1156 643 idem
1173 572 1210 643 in
1226 572 1295 643 tuis
1313 576 1474 667 venandis
1490 575 1712 649 inclementes
1730 576 1774 649 li·

235 703 386 757 terarum
403 678 580 753 carnifices
604 673 749 747 audeant
766 724 778 762 ‚
802 696 917 743 voveo
936 670 972 743 &
987 692 1121 769 precor.
1173 666 1240 743 Sed
1257 692 1361 767 quam
1379 675 1488 768 perite
1504 674 1541 745 δι
1556 672 1660 747 ἀοθιε
1673 672 1774 773 saepe

234 782 272 853 in
287 782 381 853 notis
396 778 531 849 meis&
546 773 693 844 aliorum
710 768 893 843 crassandis
907 767 1054 843 versatus
1071 764 1195 860 fueris,
1213 790 1284 841 uno
1301 786 1362 841 aut
1377 770 1495 869 aliquo
1512 790 1685 870 praeterea
1698 770 1779 873 spe·

234 880 365 951 cimine
383 875 460 950 orbi
477 874 614 945 literato
629 870 678 941 esl
694 868 955 940 oslendcndum.

233 1058 238 1065 ,
283 975 379 1063 Cum
396 996 464 1071 ego
487 969 586 1063 spatii
603 966 759 1039 lucrandi
783 965 894 1040 caussa
916 988 990 1037 non
1012 962 1143 1062 semper
1160 960 1273 1037 versus
1295 960 1462 1039 addustos
1485 989 1531 1039 ex
1549 970 1688 1067 politis,
1722 967 1780 1043 se·

234 1091 371 1171 paratos
385 1095 408 1143 a·
421 1068 545 1168 prosa,
570 1063 625 1138 sed
642 1064 863 1137 intermixtos
887 1065 1055 1136 continua
1077 1060 1262 1133 verborum
1288 1057 1371 1132 serie
1387 1063 1592 1158 retulerim,
1617 1084 1686 1159 ιιι,
1712 1069 1781 1168 qui

235 1169 344 1243 modo
361 1168 446 1239 mosi
463 1162 638 1267 augendae
654 1160 835 1251 studebas,
861 1160 898 1233 δι
916 1160 1001 1258 quid
1015 1157 1128 1233 versus
1143 1158 1223 1231 esset
1240 1156 1340 1256 plane
1360 1160 1564 1257 ignorabas,
1579 1164 1731 1263 turpiter
1740 1186 1783 1239 te

236 1268 336 1365 saepe
356 1264 505 1354 dedisti,
542 1282 582 1333 ut
602 1281 680 1332 ante
702 1281 750 1331 ex
776 1260 858 1332 loco
874 1258 1023 1355 Dissyos
1038 1252 1212 1329 Cretensis
1234 1254 1379 1328 ostendi.
1430 1259 1514 1359 Pag.
1534 1260 1617 1357 248.
1635 1286 1669 1335 n.
1690 1286 1783 1361 579,

111 1400 116 1407 ·
235 1364 394 1437 Petronii
411 1363 530 1435 locum
554 1356 656 1431 soluti
672 1354 862 1445 sermonis,
886 1358 991 1428 deiude
1014 1371 1051 1425 ur
1066 1354 1180 1425 audiui
1195 1368 1333 1425 urrerem
1356 1378 1525 1431 convivam
1543 1410 1556 1450 ,
1579 1361 1661 1458 quia
1676 1384 1781 1435 inau-

237 1462 345 1535 dieras
367 1460 458 1533 sorte
480 1458 517 1529 &
539 1457 685 1527 Poe'tam
708 1452 806 1526 fuisse
826 1453 1035 1543 Arbitrum,
1060 1448 1098 1523 &
1113 1452 1267 1523 carmina
1285 1450 1545 1529 intermiscuisse
1565 1454 1711 1554 prosae,
1739 1460 1783 1535 ἃ

238 1561 319 1655 quia
336 1563 371 1632 in
388 1582 466 1629 mea
478 1553 576 1627 Fabii
592 1552 746 1625 editione
763 1573 886 1647 operae
901 1551 932 1623 la
958 1548 1009 1622 sae
1026 1548 1122 1647 turpi
1145 1547 1236 1647 negli
1265 1549 1359 1622 entia
1377 1548 1435 1622 illa
1456 1576 1475 1624 a
1493 1562 1593 1627 Pareo
1607 1553 1783 1654 produfila

239 1659 367 1729 Ouidii
379 1656 494 1728 verbis
516 1644 840 1741 intermiscuerunt,
867 1667 908 1720 tu
928 1576 1057 1744 lipsum
1074 1643 1215 1744 quidem
1230 1570 1330 1755 issum
1348 1650 1524 1751 corrigis,
1548 1676 1620 1763 quo
1636 1656 1789 1727 nornine

240 1756 305 1827 tibi
323 1754 449 1853 gratias
466 1776 559 1851 ago,
585 1746 639 1819 sed
658 1746 809 1820 Petronii
825 1745 929 1821 verba
942 1744 1065 1818 eodem
1087 1744 1194 1817 modo
1210 1742 1382 1837 exhibes,
1415 1770 1487 1845 quo
1502 1750 1656 1843 Ouidii,
1681 1752 1783 1851 quasi

239 1854 373 2048 versili?
392 1850 628 2047 {app-ranem·
655 1942 816 2017 Turnebus
838 1942 1026 2015 memoriae
1046 1936 1123 2013 suae
1149 1938 1328 2015 confidens
1348 1963 1392 2013 ex
1405 1942 1578 2019 Terentio
1594 1943 1713 2021 locum
1735 1948 1784 2021 de

239 2045 446 2143 spadonibus
461 2042 671 2140 produxerat
691 2091 702 2129 ‚
737 2062 810 2111 non
823 2037 893 2138 ipsa
909 2059 949 2111 ut
964 2038 1043 2111 sunt
1057 2036 1182 2129 verba,
1207 2037 1293 2129 sed,
1315 2056 1356 2111 ut
1370 2040 1494 2115 millies
1511 2046 1575 2115 viri
1587 2042 1686 2215 3ςὲιί
1703 2070 1782 2119 me·

241 2146 374 2217 moriae
391 2138 555 2228 fidentes,
578 2161 666 2235 quae
682 2134 811 2208 sensum
828 2159 945 2210 tamen
959 2154 1081 2249 aptum
1095 2132 1301 2210 efficiebant.
1326 2134 1391 2209 Illa
1407 2156 1447 2211 tii
1465 2138 1535 2215 hoc
1549 2165 1585 2215 m

239 2244 327 2315 olim
343 2238 519 2315 audiveris
534 2235 743 2310 Terentium
760 2231 912 2309 versibus
928 2230 1110 2332 scripsisse,
1135 2234 1308 2325 collocas,

463 2340 546 2411 Saue
560 2337 666 2429 magui
677 2347 837 2405 amatores
852 2334 1039 2421 mulierum,
1056 2330 1118 2423 sed
1131 2332 1355 2427 ribisprfflinr.

240 2434 346 2533 liujus
362 2430 474 2507 versus
489 2429 700 2521 ιιιειιῑιιιιιιι,
718 2426 746 2501 si
759 2430 847 2501 inire
861 2453 881 2500 a
900 2426 1138 2527 ludimagistro
1149 2427 1318 2528 jubereris
1330 2452 1469 2519 ,vereor
1484 2449 1524 2506 ut
1539 2430 1684 2507 ferulam
1700 2460 1785 2511 eva·

244 2530 314 2605 das.
364 2532 402 2605 Si
417 2527 609 2628 respexisses
622 2526 715 2599 enim
735 2528 878 2599 Positum
895 2526 932 2598 in
948 2526 1174 2601 Eunuch.1v.
1195 2550 1275 2600 ιιι.
1294 2526 1428 2625 legisses
1440 2528 1518 2621 ibi,

471 2633 526 2698 Ar
537 2629 595 2721 pul
603 2650 655 2721 egr
667 2640 825 2697 amatores
840 2626 1007 2697 mulierum
1022 2624 1081 2720 effe
1095 2626 1262 2699 audieram
1276 2648 1324 2697 eus
1336 2629 1511 2721 maximus,

473 2726 536 2796 Sed
548 2724 729 2815 nispurrffe.

244 2824 339 2993 ridess
362 2844 548 2992 ergoffiquo
564 2823 645 2918 jure
665 2835 711 2891 tii
734 2816 860 2892 unicus
892 2818 1050 2917 priorum
1074 2820 1309 2919 interpretum·
1330 2818 1509 2897 comessor
1526 2819 1564 2895 δι
1579 2824 1798 2905 emendator·

244 2946 372 2995 ceneri
415 2946 438 2993 o
476 2943 503 2992 s.

295 3020 376 3117 Pag.
390 2947 474 3114 Ideo.
494 3040 527 3087 n.
544 3038 605 3109 70.
622 3015 665 3087 ad
682 3012 927 3105 Fabii-verba,
945 3035 1062 3108 purum
1081 3014 1398 3114 existimarer,Regii
1415 3036 1535 3089 notam
1558 3018 1606 3091 ita
1628 3020 1790 3101 exhibes.

243 3119 270 3189 I
279 3120 384 3189 vocali
402 3113 562 3207 adscripta
586 3114 764 3207 existimarit
786 3110 954 3205 legendum.
1006 3108 1109 3205 Qiae
1130 3112 1248 3207 inepta
1270 3110 1349 3201 est,
1377 3111 1456 3186 siin
1477 3132 1579 3188 textu
1600 3120 1795 3209 existimarer

245 3216 407 3313 legatur:
426 3234 490 3283 nec
506 3208 594 3283 siita
609 3208 742 3309 legisset
754 3206 910 3305 Regius,
936 3208 954 3281 I
971 3206 1126 3281 vocalem
1143 3207 1369 3307 adjiciendam
1388 3210 1454 3283 esse
1468 3236 1609 3285 monere
1623 3236 1789 3313 poterat,

245 3313 327 3409 quia
346 3309 493 3407 repetita
512 3330 584 3381 voir
603 3308 783 3403 existimem
801 3302 919 3377 iisdem
936 3302 1044 3378 literis
1064 3304 1208 3379 constat.
1253 3306 1320 3380 Sed
1339 3304 1376 3381 δι
1392 3310 1530 3408 Regius
1543 3308 1582 3383 δι
1598 3336 1695 3387 meae
1709 3318 1788 3393 edi·

124 3415 129 3425 '
245 3410 357 3483 tiones
379 3410 416 3479 in
435 3425 539 3479 notae
561 3405 736 3573 principio
758 3402 926 3477 exhibent
947 3404 1144 3513 exstimare,
1170 3402 1229 3475 cui
1251 3402 1314 3475 sil
1333 3404 1462 3496 addas,
1486 3407 1790 3507 exsecraremur,

246 3504 342 3603 quod
359 3524 486 3579 tutam
506 3501 647 3576 callidus
660 3528 680 3576 a
693 3502 788 3575 ienae
804 3500 1035 3601 negligentiae
1057 3498 1266 3599 indagator,
1292 3504 1353 3603 qui
1376 3522 1459 3577 tuus
1476 3504 1527 3579 est
1548 3504 1697 3607 stupor,
1721 3514 1786 3587 de·

247 3604 458 3704 prehendere
473 3626 546 3675 non
559 3598 716 3701 potuisti.

298 3704 383 3798 Pag.
400 3700 480 3797 328.
497 3717 621 3796 <quam
639 3718 679 3771 ιιι
693 3720 838 3770 numero
856 3696 939 3793 238.
955 3694 1182 3794 infignivisti)
1197 3720 1231 3769 n.
1252 3720 1333 3793 ¹44·
1346 3698 1474 3773 librarii
1490 3701 1557 3773 mei
1577 3702 1698 3777 vitiose
1710 3706 1789 3783 edi.-

249 3797 368 3871 derant
384 3801 484 3869 Ouia
502 3798 531 3869 I.
549 3801 626 3869 Am.
645 3792 731 3891 448.
756 3796 819 3867 Tu
843 3792 985 3867 securus.
1005 3816 1098 3865 meae
1122 3793 1349 3893 diligentiae,
1383 3820 1471 3895 quae
1497 3798 1561 3873 tibi
1582 3800 1714 3901 semper
1731 3806 1785 3879 su·

249 3895 269 3969 s
287 3896 362 3971 essa
373 3894 439 3969 esse
455 3892 616 3987 deberet,
640 3894 689 3966 ita
702 3891 795 3983 edis,
820 3890 914 3981 nisi,
938 3910 979 3964 ut
996 3888 1199 3987 produsiior
1215 3890 1328 3969 versus
1342 3892 1451 3988 esset,
1476 3922 1541 3997 pro
1557 3902 1638 3971 Am.
1657 3906 1788 3977 Arrun.

247 3922 306 4083 s,
325 3993 468 4091 profers.
515 3992 565 4065 Et
582 3990 748 4066 debuisses
761 3986 926 4063 sessorem
942 3990 1117 4063 remittere
1132 3990 1174 4065 ad
1187 3992 1244 4064 lib.
1267 4016 1298 4065 i.
1316 3996 1396 4067 Are.
1413 3998 1492 4067 Am.
1507 3992 1592 4091 648.
1608 4018 1649 4070 ut
1659 4000 1733 4097 jam
1749 4002 1794 4077 in.

247 4094 367 4165 erratis
383 4114 595 4165 monueram.
643 4088 711 4165 Sed
728 4088 824 4187 quod
839 4085 911 4189 ipse
921 4086 1017 4161 ausus
1035 4112 1108 4163 non
1123 4086 1255 4163 fueram
1273 4141 1286 4181 ,
1311 4090 1565 4167 comessionem
1581 4092 1676 4169 istius
1691 4097 1787 4193 loci,

249 4190 314 4265 Tu
326 4190 461 4264 secutus
475 4214 586 4263 meam
598 4186 866 4282 aussoritatem,
897 4187 935 4261 in
950 4203 1088 4260 textum
1105 4186 1257 4287 recipis,
1288 4186 1456 4265 &tamen
1476 4190 1542 4265 tibi
1565 4188 1695 4269 sordeo.
1748 4198 1795 4273 Si

249 4288 406 4363 constare
419 4286 486 4360 tibi
500 4287 560 4359 disi
586 4288 696 4361 entiae
711 4284 749 4359 δι
767 4310 870 4360 curae
882 4286 921 4359 in
936 4284 1154 4359 emendandis
1171 4285 1254 4359 meis
1268 4307 1330 4360 aut
1350 4287 1479 4361 librarii
1495 4290 1642 4389 lapsibus
1658 4302 1784 4391 (quain

249 4386 316 4461 ribi
329 4388 476 4487 primam
492 4386 527 4459 in
543 4312 699 4457 efiitione
717 4404 777 4459 tua
792 4384 942 4487 gloriam
965 4386 1125 4483 arrogas)
1148 4386 1318 4485 rationein
1342 4383 1528 4481 voluisses,
1559 4413 1631 4463 non
1642 4389 1787 4469 deberet

246 4486 286 4559 in
302 4508 377 4559 mea
389 4504 475 4559 nota
486 4482 568 4581 legi.
592 4484 675 4581 Pag.
696 4504 751 4579 13·
768 4508 802 4555 n.
818 4494 880 4579 7⁶·
894 4484 970 4557 vide
981 4484 1085 4579 supra
1098 4484 1154 4555 iis.
1173 4506 1202 4555 r.
1219 4504 1287 4577 rap.
1309 4506 1338 4555 ι.
1355 4480 1412 4557 sed
1428 4488 1484 4559 lib.
1505 4510 1535 4557 ι.
1551 4506 1688 4581 prorem.
1709 4516 1793 4565 nori.

249 4606 328 4685 pig.
348 4604 429 4685 325„
444 4604 479 4655 ri.
490 4602 553 4679 77.
574 4580 659 4657 vide
676 4582 723 4655 ud
740 4580 873 4659 Perrarr.
897 4604 1024 4659 enarr.
1045 4576 1102 4657 sed
1124 4600 1281 4659 cxxxvi.
1329 4582 1383 4660 At
1403 4582 1483 4661 talia
1504 4580 1631 4687 plura,
1661 4586 1795 4761 sedpri-

1750 4710 1796 4767 e.-

1634 2166 1679 2235 o,
1697 2146 1788 2243 quia
