4058 5558
435 318 528 410 an
572 317 1484 427 cu.carurruotrrruururr.i
1656 344 1712 463 r,
1756 253 1759 259 ¹

173 482 327 605 graphi:
364 482 494 590 etgofi
517 508 618 560 amare
640 488 829 580 mancipium
860 485 944 560 lieet
967 486 1109 581 dicere,
1142 490 1248 564 etiam
1271 497 1406 571 vendere
1424 499 1614 592 mancipium
1635 500 1715 601 quis

172 591 330 679 vetabit?
355 588 394 661 &
410 585 547 663 cum-in
561 585 703 661 Lexicis
718 581 803 660 illud
818 585 971 685 legissem
990 638 1002 679 ,
1027 587 1108 660 inde
1120 587 1268 664 formavi
1283 593 1373 668 hanc
1387 594 1614 668 locutionem.
1633 670 1635 674 Α
1662 599 1716 674 E·

80 720 86 730 ·
175 682 297 802 gregis
310 687 420 764 vero!
447 685 502 760 sed
520 708 564 758 an
581 683 693 783 legisti
709 688 812 758 etiam
830 689 1020 782 mancipium
1037 690 1241 782 praediorum
1260 693 1414 784 uendere,
1440 693 1504 766 nist
1522 693 1714 795 intel-ligere
1759 724 1762 731 ·

108 831 112 838 ·
175 796 260 874 velis
261 789 398 886 servum
414 785 657 886 praediorum,
676 782 745 856 five
758 781 947 877 rusticum,
972 803 1031 858 aut
1045 809 1088 858 an
1103 784 1282 882 deservis,
1305 813 1447 866 anvcro
1464 789 1602 890 deipsis
1615 813 1713 886 prae·
1825 836 1830 846 ·
1857 797 1861 805 '

112 918 116 923 '
174 894 235 973 diis
251 888 325 987 agit
341 884 495 963 Fabius?
528 882 630 955 video
649 881 819 978 pudorem
848 907 908 954 ora
922 903 983 956 tua
999 880 1109 956 subire
1126 934 1139 976 ,
1164 885 1312 985 ideoque
1326 913 1398 963 noo
1414 914 1556 991 pergam
1571 889 1661 966 hanc
1675 915 1713 968 e·

172 976 358 1096 legantium
377 984 497 1060 Latini
512 982 674 1075 sermonis
686 980 829 1053 ulterius
844 981 1019 1054 illustrare.

225 1094 310 1188 Pag.
318 1105 401 1179 450.
418 1108 450 1155 n.
463 1103 521 1175 24.
535 1081 600 1155 lib:
610 1105 673 1153 vrr.
688 1103 763 1177 cap.
773 1101 808 1174 7.
833 1080 892 1153 Te
907 1099 1151 1179 argumentum
1169 1082 1423 1158 controversiae
1439 1086 1602 1187 aliquus,
1621 1097 1716 1167 Ma·

191 1191 321 1287 isiratus
336 1185 377 1258 ab
395 1188 472 1258 arce
487 1179 654 1277 discedat,
678 1176 913 1272 explicantem
936 1202 1006 1250 non
1031 1181 1134 1278 potui
1157 1205 1228 1254 non
1247 1183 1388 1276 mirari,
1415 1183 1710 1265 &dexteritatem
1748 1259 1753 1268 .

167 1219 265 1365 illam
282 1285 399 1358 omnia
414 1286 533 1355 'vetera
549 1277 766 1351 Graecorum
790 1275 1089 1349 &Romanorum
1113 1278 1268 1353 instituta
1288 1289 1369 1353 curn
1390 1281 1564 1358 hodiernis
1588 1286 1710 1360 conse·

174 1385 301 1474 rendi,
324 1386 372 1458 ita
394 1381 487 1453 enim
513 1376 675 1472 explicas.
727 1371 972 1472 Magistratus]
1003 1379 1190 1470 zffrryic,
1222 1378 1292 1450 hoc
1318 1379 1360 1473 est
1380 1398 1535 1475 praetor,
1568 1389 1626 1457 uel
1641 1386 1708 1460 dux

174 1475 352 1572 exercitur,
379 1476 516 1552 Gallice
532 1476 737 1547 Gruverneur
750 1473 786 1544 de
799 1475 901 1567 placa.
928 1470 1059 1544 Nescio
1074 1497 1118 1545 an
1133 1473 1224 1571 apud
1242 1476 1364 1549 Gallos
1381 1477 1513 1580 semper
1527 1481 1631 1555 duces
1647 1505 1710 1558 ex-

101 1604 105 1617 ·
175 1567 303 1659 orcitus
327 1578 411 1675 (qui
427 1581 594 1647 Generaux
610 1577 801 1650 vocantur)
826 1569 893 1643 srnr
909 1568 1035 1663 iidem,
1060 1572 1121 1668 qui
1138 1575 1303 1647 dicuntur
1322 1580 1538 1653 Gruvcrnaurr
1554 1579 1591 1651 de
1599 1584 1710 1677 place,

174 1702 257 1757 cunt
286 1662 413 1751 multos
437 1670 571 1749 arcibus
594 1669 738 1771 praefici
754 1666 965 1760 audiverim,
989 1671 1049 1766 qui
1067 1674 1284 1746 exercituum
1301 1671 1405 1747 duces
1422 1698 1494 1749 non
1513 1677 1591 1750 srnt.
1638 1676 1716 1753 Sod'

173 1780 245 1861 hoc
263 1773 353 1867 scio,
377 1772 414 1846 in
438 1769 576 1870 reliquis
600 1770 690 1841 noris
715 1765 781 1838 else
805 1767 921 1839 omnia
935 1790 1024 1869 vaga
1039 1767 1076 1839 &
1091 1768 1259 1861 confusa,
1285 1769 1322 1842 &
1345 1771 1473 1846 nullam
1494 1775 1717 1872 antiquitatis,

171 1873 436 1976 intelligentiam
453 1865 683 1970 praeseferre
702 1892 710 1938 :
738 1863 831 1936 addis
846 1865 952 1937 enimss
1001 1870 1095 1938 Nam
1112 1871 1186 1940 olim
1209 1868 1413 1966 magistratus
1427 1891 1518 1945 eram
1534 1876 1718 1971 militares,

171 1993 208 2050 at
232 1974 273 2056 ἐφ’
296 1975 410 2045 urbani
434 1976 523 2067 (ego
547 1966 697 2038 dicerem
722 1963 846 2054 iidem,
868 1970 923 2059 qui
946 1962 989 2045 Θ
1005 1965 1154 2052 urbani.)
1180 1969 1282 2039 Immo
1297 1973 1505 2045 Romanorum
1523 1971 1711 2047 Distatores

172 2064 215 2156 ὓ
233 2070 376 2168 conficies
390 2068 592 2167 magistratus
608 2077 699 2137 erant
721 2064 836 2134 urbani
847 2066 947 2159 fimus
967 2063 1009 2144 sal
1024 2065 1207 2155 militares,
1232 2081 1268 2136 at
1292 2069 1346 2136 aet
1365 2092 1403 2138 ιιι
1427 2091 1486 2140 unt
1511 2071 1610 2141 Livio
1621 2069 1709 2166 fiatis

163 2162 268 2269 patet.
319 2168 418 2241 Nam
439 2174 500 2237 1¹³⁰
517 2163 575 2236 illa
592 2160 884 2234 declamationum
900 2178 1104 2259 argumenta
1120 2160 1326 2261 plerumque
1340 2164 1606 2239 exGraecarurn
1620 2167 1709 2262 civi·

170 2269 296 2344 tatium
312 2264 473 2338 institutis
488 2257 884 2356 sumebantur,ideoque
899 2280 962 2331 nec
978 2259 1210 2353 Praetor,nec
1228 2259 1362 2354 Consul,
1372 2284 1436 2334 nec
1455 2266 1609 2337 Dictator
1627 2264 1708 2339 tto·

171 2366 264 2441 mani
285 2360 345 2436 hle
362 2360 510 2461 intelligi
528 2359 696 2459 possunt,
720 2354 774 2429 sed
792 2355 947 2430 Graecae
962 2355 1108 2455 alicujus
1123 2358 1274 2432 civitatis
1290 2360 1533 2471 magistratus,
1560 2362 1620 2459 qui
1636 2364 1709 2438 arci

175 2459 415 2537 custodiendae
438 2485 457 2532 a
480 2457 613 2531 civibus
631 2450 845 2550 compostus
862 2473 945 2526 crat.
996 2453 1080 2524 Nec
1096 2454 1139 2527 de
1156 2455 1447 2553 provincialibus,
1473 2460 1587 2558 quales
1609 2459 1708 2535 fuisse

177 2558 283 2635 forsan
300 2557 438 2659 probari
454 2554 594 2656 posset,
617 2553 752 2626 arcibus
774 2550 909 2648 capias:
936 2548 1002 2622 illis
1027 2552 1119 2623 enim
1141 2575 1317 2652 nunquam
1341 2554 1556 2652 magistratus
1574 2557 1708 2653 praefe-

174 2655 247 2734 slos
261 2658 353 2750 hoc,
378 2674 419 2730 ut
433 2673 472 2729 tu
488 2655 602 2753 capis,
626 2649 719 2723 sensu
736 2646 827 2739 scio,
855 2671 937 2721 curn
954 2649 1153 2721 eonomine
1169 2649 1231 2723 soli
1248 2651 1367 2723 Roma
1381 2651 1469 2725 nriffi
1484 2652 1707 2752 Praeradiat,

170 2758 414 2854 Propraetrres,
432 2757 567 2852 Legati,
583 2749 793 2923 {acesinem
814 2764 874 2819 aut
893 2745 953 2845 qui
970 2764 1066 2819 extra
1086 2749 1242 2821 ordinem
1259 2773 1342 2822 cum
1359 2751 1506 2849 imperio
1521 2754 1709 2831 mitteban-

168 2872 256 2946 tur,
281 2854 543 2951 appellarentur.
627 2868 642 2920 t
670 2844 931 2917 Provinciarmn
954 2843 1103 2918 restores
1125 2844 1325 2920 urbibus&
1351 2847 1486 2923 arcibus
1507 2873 1553 2925 ex
1570 2851 1714 2927 cohor·¹

169 2944 848 3038 tesuaaurtribunos,centuriones‚aut
914 2942 1337 3044 osvolebant5praeficere
1351 2942 1507 3021 solerem.
1536 2941 1715 3025 zie-urana

166 3048 397 3126 co·Latinum
414 3067 449 3119 te
465 3046 611 3146 probare
626 3041 772 3133 volens,
800 3045 943 3114 Canales
960 3038 998 3114 δε
1012 3042 1198 3116 Danaam
1220 3040 1304 3116 facis
1328 3042 1546 3128 militares&
1561 3044 1715 3124 'urbanas'

165 3147 368 3245 magistratus
376 3151 484 3242 fimus.
538 3144 592 3216 De
614 3139 800 3215 Dictatore
814 3135 944 3233 possem
963 3137 1174 3230 concedere,
1200 3139 1283 3213 licet
1300 3142 1349 3214 ita
1371 3163 1444 3213 non
1458 3142 1554 3239 loqui
1576 3136 1705 3221 soleant

166 3245 270 3344 periti
294 3243 540 3341 antiquitatum
557 3242 830 3327 Romanarum,
856 3230 910 3305 sed
934 3233 980 3305 de
1006 3234 1137 3330 Confirie
1152 3287 1165 3328 ,
1180 3240 1334 3336 proprie
1354 3236 1559 3335 loquendo,
1585 3239 1717 3319 falsum·

165 3343 215 3417 est
233 3396 245 3436 ,
271 3341 349 3441 post
365 3340 479 3442 legem
496 3337 670 3412 Valeriam
688 3335 730 3407 de
774 3333 1027 3426 rovocatione,
1051 3356 1129 3431 quae
1148 3333 1261 3408 statim
1279 3333 1358 3436 post
1374 3335 1502 3439 ejestos
1518 3358 1615 3439 reges
1634 3341 1702 3416 lata

165 3436 235 3516 suit
253 3470 261 3515 :
288 3464 366 3514 narn
386 3438 525 3538 proprie
541 3433 714 3532 loquendo
731 3359 863 3505 dorsus
879 3451 922 3502 ex
938 3431 974 3503 vi
990 3427 1039 3502 sui
1056 3430 1421 3531 magistratus'nullum
1438 3434 1586 3510 habebat
1604 3442 1704 3534 impr.

166 3545 250 3613 rium
267 3589 280 3631 ,
306 3537 454 3635 ideoque
469 3533 636 3610 militibus
651 3528 798 3631 praeesse
813 3550 886 3601 non
900 3545 1064 3628 poterat,
1089 3526 1146 3602 sed
1160 3547 1296 3605 tanturn
1317 3533 1497 3631 potestatem
1516 3584 1528 3624 ,
1555 3533 1591 3607 δι
1608 3536 1714 3611 hanc·
1741 3620 1745 3629 s

167 3640 204 3712 in
228 3635 312 3724 urbe
328 3637 364 3709 io
384 3634 475 3709 cives
500 3629 714 3721 exercebat,
740 3626 811 3701 solo
827 3626 968 3701 fascium
992 3627 1127 3700 honore
1149 3647 1315 3723 ornatus,
1337 3631 1402 3729 'qui
1418 3626 1579 3726 potestatis
1602 3626 1711 3722 erants

164 3736 333 3836 insignia,
344 3733 420 3810 line'
427 3732 598 3807 securibus
614 3780 627 3822 ,
651 3752 739 3828 quae
756 3732 878 3822 imperii
894 3726 1132 3827 infigoiarnec
1148 3725 1274 3800 licebat
1287 3728 1338 3801 illi
1357 3752 1430 3806 rem
1446 3727 1629 3805 militarem
1647 3730 1714 3807 at·‘³

166 3839 323 3937 tingere,
341 3831 404 3906 nili
420 3854 495 3904 reus
512 3826 698 3928 gravissumi
713 3826 865 3899 criminis
883 3826 947 3898 esse
962 3820 1229 3917 uellet,necnist
1248 3825 1325 3925 post
1341 3826 1372 3898 le
1398 3850 1453 3899 ern
1463 3825 1640 3901 Curiatam
1655 3829 1710 3905 de·

164 3935 313 4035 imperio
329 3931 392 4033 ipli
406 3926 521 4002 dando
537 3927 653 3998 laram.
677 3920 788 3996 Vides
795 3943 880 4021 ergo
891 3922 1078 3997 Consulem
1122 3946 1160 3996 ro
1187 3923 1237 3995 rie
1252 3924 1317 3998 effe
1334 3849 1503 3999 urbanum
1522 3924 1710 4024 magistrass

169 4048 271 4123 tum,
297 4029 334 4103 δε
351 4028 393 4103 ad
409 4029 502 4101 cives
516 4021 685 4125 regendos
701 4038 837 4097 tanturn
854 4042 1028 4115 creatum,
1054 3947 1119 4096 sed
1127 4022 1150 4096 st
1209 4021 1254 4096 lla
1268 4021 1446 4122 poscerent
1461 4022 1614 4116 ducem,
1639 4025 1698 4103 lex
1734 4089 1739 4100 .

169 4124 309 4203 Curiata
329 4125 522 4217 ferebatur,
533 4136 619 4223 quae
635 4119 738 4194 dabat
754 4118 819 4219 ipsi
835 4123 1023 4215 imperium,
1050 4118 1088 4193 &
1103 4139 1190 4195 tunc
1204 4126 1373 4216 imperaror
1399 4120 1454 4217 (id
1471 4119 1521 4194 est
1536 4122 1676 4197 Genera!
1681 4120 1704 4219 )ἶ

170 4241 305 4320 poterat
320 4224 483 4340 appellari
494 4251 502 4298 :
513 4247 592 4296 nam
610 4218 647 4292 ὅ(
665 4218 852 4332 praeterito
868 4214 1130 4322 Consulesaepe
1145 4237 1245 4292 extra
1259 4218 1418 4292 ordinem
1433 4219 1619 4319 imperium
1638 4220 1698 4296 da·

168 4338 247 4391 turn
263 4322 427 4418 privatas,
457 4339 498 4396 ut
516 4318 716 4419 Scipionts,
736 4317 911 4418 ,Pompeji
933 4315 970 4390 δί
984 4316 1131 4390 aliorum
1154 4315 1321 4416 exentplis
1337 4316 1473 4399 ,docere
1488 4318 1706 4488 tepblsem,

169 4411 195 4488 fi
213 4434 369 4509 vacaret,
387 4417 423 4488 ὃ(
437 4418 599 4493 nostrates
615 4418 686 4491 hoc
703 4416 919 4515 ignorarent:
936 4434 973 4488 te
989 4439 1071 4490 vero
1088 4440 1158 4489 non
1172 4414 1325 4490 didicisse
1338 4416 1424 4490 olim
1442 4417 1477 4490 in
1492 4414 1528 4491 lu
1554 4442 1577 4489 o
1592 4418 1705 4493 Rhe:

165 4513 308 4588 thorico
321 4518 491 4613 apparet,
513 4518 572 4609 qui
588 4514 731 4589 rectora
747 4533 828 4588 tuos
843 4509 885 4584 ad
899 4509 1045 4588 Livium
1060 4557 1072 4591 ι
1097 4538 1162 4590 nec
1176 4513 1268 4590 libro
1284 4538 1347 4589 nec
1364 4515 1480 4616 capite
1494 4513 1705 4615 designato}

163 4609 319 4724 ablegas,
345 4608 384 4688 δί
400 4613 448 4688 ita
468 4607 682 4685 existimandi
705 4612 750 4685 de
769 4630 830 4695 tua
848 4608 973 4712 peritia
985 4614 1168 4690 Romanae
1189 4612 1323 4713 reipub.
1350 4615 1491 4713 copiam
1509 4637 1581 4687 non
1598 4610 1704 4690 facis:

164 4707 385 4789 Oblrriosum
402 4711 507 4788 etiarn
520 4723 557 4786 te
570 4706 667 4811 saepe
680 4709 899 4801 vidimus,ut
917 4704 1073 4788 accidere
1087 4709 1175 4884 soli}
1190 4710 1520 4816 ignorantibua,qui
1536 4708 1704 4886 nesciurge

1630 4834 1656 4884 u
1680 4838 1693 4895 r
