4064 5558
359 342 418 435 40
584 301 1166 396 spunsarum
1221 298 1649 392 nrrsrota

358 469 568 561 confideris,
591 465 681 539 mihi
697 461 862 564 posthac,
887 461 948 560 qui
963 459 1028 534 hac
1044 476 1143 560 parte
1155 454 1232 532 satis
1248 457 1336 533 mihi
1350 480 1473 534 cavere
1489 454 1601 552 soleo,
1626 480 1692 535 nec
1708 460 1778 543 ulla
1789 470 1904 547 terrra,¹

359 595 397 645 re
412 572 557 644 aliorum
573 566 651 639 loca
667 561 847 663 produco,
872 581 960 659 quae
975 582 1047 634 non
1061 560 1100 630 in
1111 554 1193 655 ‘ipsis
1207 555 1405 632 rudioribus
1419 553 1646 656 respexerim,
1667 559 1738 636 hoc
1757 568 1903 641 nomine

357 667 431 742 falfi
454 668 586 740 crimen
612 664 790 734 intentare.
825 659 950 750 ,Nec,
980 657 1063 756 quia
1078 678 1173 731 nunc
1191 678 1263 729 non
1284 654 1385 753 plura
1401 654 1603 728 malitiae&
1616 655 1922 740 calumniatoriae.

360 786 441 840 tuae
458 764 582 837 mentis
598 759 725 835 indicia
739 755 927 857 produco,
950 753 1062 830 deesse
1076 754 1244 855 ampliora
1257 754 1344 826 mihi
1361 753 1463 827 crede
1480 802 1493 844 ,
1527 751 1582 826 sed
1606 752 1779 832 fastidium
1796 760 1834 835 δι
1850 759 1905 837 sa·

361 865 517 938 tietatem
533 859 703 935 latrorum
726 858 857 929 evitans
872 852 916 928 ad
930 854 1052 951 Plagis
1068 857 1187 952 potius
1201 850 1240 924 bc
1256 857 1357 923 furta
1373 871 1434 925 tua
1455 850 1589 926 transeo
1604 903 1617 945 ,
1641 854 1734 929 iuter
1757 882 1845 956 quae
1860 858 1903 939 dt

360 986 446 1059 quac
466 984 570 1058 porro
588 954 737 1032 adseram
761 952 900 1026 infinita
923 973 969 1023 ex
993 953 1087 1024 notis
1112 952 1181 1025 tuis
1198 948 1385 1050 exempla,
1417 949 1528 1027 multa
1547 974 1689 1053 quoque
1713 970 1902 1037 occurrent

361 1060 584 1160 malignitatis
600 1055 638 1129 &
655 1052 904 1132 calumniarum
917 1048 1139 1126 documenta
1302 1113 1306 1120 ,

934 1265 1109 1361 Cau.
1179 1258 1321 1360 Vll.
1451 1398 1457 1417 ἰ

678 1439 758 1542 De
778 1435 927 1539 Farris
947 1431 1003 1546 d*
1023 1431 1198 1577 Plagis
1231 1430 1580 1571 Capperomerr'i.

471 1653 663 1729 Calumniis
679 1651 1032 1729 &criminationibus
1047 1647 1188 1727 fallis&
1206 1648 1403 1745 malitiosis,
1425 1674 1518 1750 quae.
1529 1674 1573 1725 ex
1591 1648 1733 1754 lingulis
1751 1652 1821 1733 sete
1838 1680 1898 1756 pa-

464 1755 554 1853 ginis
568 1753 693 1828 adduci
756 1752 923 1844 tuissent,
946 1751 989 1824 ad
1003 1748 1098 1844 firma
1116 1749 1276 1847 &plagia
1292 1768 1352 1821 tua
1366 1767 1459 1822 trans
1546 1751 1627 1842 ior,
1651 1776 1740 1851 quae
1753 1751 1850 1856 saepe
1861 1782 1901 1832 a·

361 1874 460 1952 perte
478 1853 517 1925 δι
533 1853 600 1927 fine
616 1853 685 1926 ulla
724 1849 985 1939 illimulatione,
1009 1848 1194 1945 aliquando
1209 1845 1439 1921 eriamsasture
1510 1847 1650 1940 callide,
1667 1870 1708 1923 ut
1723 1850 1788 1925 tibi
1802 1854 1899 1929 vide·

362 1970 442 2045 tur,
466 1955 686 2042 committis,
712 1949 751 2023 δι
763 1948 842 2022 ideo
860 1947 917 2020 illa
933 1969 1005 2019 non
1018 1944 1118 2018 facile
1133 1970 1153 2018 a
1169 1947 1326 2036 restore,
1351 1943 1546 2041 praesertim
1562 1970 1634 2020 non
1652 1947 1729 2022 satis
1741 1968 1899 2046 attento,

361 2047 570 2160 deprehendi
589 2048 687 2160 posse·
703 2044 850 2146 sperasti.
901 2043 1035 2116 Nullus
1060 2064 1142 2118 vero
1167 2063 1240 2156 tarn
1266 2043 1370 2116 hebes
1395 2041 1434 2115 &
1451 2066 1580 2154 parum
1605 2044 1785 2160 perspicax
1800 2073 1899 2146 repo·

361 2165 604 2318 brith
620 2164 811 2341 llll?
819 2139 1539 2332 .3{l2⁸d‡.¹sl}⁶.l¹ls5²l.lshhfs
1554 2141 1899 2340 ῗὲιέρῖῗιέἶῗὲ

358 2344 432 2439 jam
449 2339 526 2414 sunt
549 2344 711 2432 monita,
744 2336 1002 2427 animadvertet.
1023 2422 1028 2432 ¹
1053 2339 1239 2414 [numanus
1264 2360 1405 2435 quoque
1428 2357 1590 2411 notarum
1609 2364 1755 2414 numus
1770 2342 1899 2418 adduci

392 2439 496 2531 osset,
522 2441 581 2536 qui
597 2439 685 2512 nihil
701 2435 764 2511 nisr
778 2437 905 2511 Graeci
922 2435 1066 2509 alicu‘us
1084 2436 1265 2528 Aubhoris,
1290 2437 1333 2506 ab
1349 2430 1417 2507 alio
1430 2438 1504 2533 jam
1518 2435 1679 2528 addusli,
1703 2437 1901 2517 versionem

272 2544 276 2549 '
363 2462 557 2627 farinam,
581 2538 635 2612 vel
653 2535 678 2610 fi
696 2537 823 2611 Latina
837 2531 984 2608 addubba
1036 2535 1154 2627 erint,
1177 2532 1248 2633 ipsa
1261 2531 1410 2608 auetoris
1424 2531 1528 2607 verba
1541 2533 1675 2608 Graeca
1687 2537 1904 2616 contineant.

288 2644 294 2661 ⁶
360 2635 434 2710 sed
448 2635 575 2709 horum
591 2634 657 2709 tibi
674 2636 788 2709 adhuc
811 2633 998 2723 maximam
1013 2651 1148 2730 partem
1164 2633 1310 2735 gratiam
1328 2629 1445 2721 facio,
1481 2655 1564 2704 cum
1588 2632 1645 2705 illa
1658 2634 1778 2731 potius
1791 2635 1827 2708 in
1842 2635 1900 2711 iu-

364 2731 505 2805 utilium
520 2733 559 2807 &
575 2733 853 2805 Mincllianarum
869 2749 1032 2802 notarum
1053 2728 1191 2804 claffcm
1208 2728 1324 2804 referri
1341 2747 1544 2803 mereantur.
1595 2729 1662 2803 Sed
1684 2732 1900 2808 animadver-

365 2830 471 2902 tenda
482 2829 535 2903 est
552 2831 741 2930 inprimis,
766 2825 907 2902 occulta
923 2826 961 2900 δι
974 2824 1095 2918 fallax,
1110 2824 1167 2900 sed
1182 2825 1328 2900 induetis
1342 2826 1554 2926 Paedagogis
1568 2825 1777 2902 ufitatiffima
1790 2832 1900 2905 inter·

361 2921 1708 3097 'filsffshlmlhlffifllcsfilshbqlidihs‘’rsnlffllhqhiss
1722 2928 1902 3103 ‘hill

365 3120 411 3193 de
427 3139 492 3197 tuo
507 3049 675 3222 adjicdre,
690 3119 746 3194 sed
760 3120 866 3219 longe
878 3116 958 3189 inde
972 3136 1111 3190 remoto
1126 3117 1208 3190 loco
1225 3069 1363 3205 eadem,
1384 3114 1478 3214 quali
1491 3140 1537 3190 ex
1552 3049 1612 3191 sua
1625 3074 1720 3216 pend
1735 3051 1902 3220 deprdm·

366 3237 429 3312 ta,
455 3219 525 3293 fine
539 3219 611 3293 ullo
627 3219 762 3319 pudore
777 3235 931 3316 repetere
945 3238 1017 3288 non
1033 3212 1181 3290 dubitas.

416 3318 501 3415 Pag.
519 3313 599 3389 128.
616 3342 651 3390 n.
667 3340 725 3414 27.
749 3322 844 3390 Circa
860 3310 977 3410 lissam
992 3315 1034 3396 &
1051 3316 1173 3387 Caraca
1189 3310 1420 3408 interpretaris
1437 3363 1450 3403 ,
1484 3318 1567 3388 circa
1587 3328 1754 3408 tempora,
1788 3323 1913 3415 qmbns=

365 3413 418 3486 illi
433 3419 593 3487 vixerunt.
644 3413 727 3512 Ego
745 3410 946 3512 simpliciter
967 3411 1018 3482 ibi
1042 3411 1162 3507 rejicio
1178 3407 1343 3483 Leslores
1359 3407 1402 3479 ad
1420 3433 1496 3510 cap.
1512 3436 1559 3485 rv.
1575 3409 1725 3509 eiusdem
1742 3416 1821 3491 libri
1841 3444 1901 3498 ιι.

366 3510 430 3583 ubl
446 3535 525 3612 pag.
543 3533 624 3608 147.
648 3533 745 3585 meae
757 3508 918 3583 editionis
927 3504 970 3578 δι
988 3513 1098 3604 Regias
1114 3507 1163 3582 ita
1174 3506 1389 3605 explicuerat
1404 3557 1416 3598 ,
1442 3507 1480 3581 &
1495 3532 1565 3608 ego
1575 3511 1743 3610 exemplis
1757 3515 1900 3593 illustra·

368 3631 495 3682 veram.
546 3608 646 3704 Qtid
661 3611 752 3704 Tu,
778 3609 882 3710 nigro
894 3604 1018 3680 Corvo
1034 3605 1142 3682 atrior
1155 3605 1372 3703 Theologc,
1396 3607 1491 3707 ejicis
1509 3631 1554 3682 ex
1582 3627 1643 3682 tua
1656 3609 1809 3687 editione
1820 3616 1895 3687 bre·

368 3723 448 3783 vem
467 3706 559 3777 illam
575 3726 692 3780 notam
710 3731 850 3795 meam,
881 3728 950 3802 qua
962 3703 1151 3777 Lestorem
1174 3726 1405 3793 monueram,
1437 3727 1524 3794 me,
1556 3705 1617 3778 lib.
1632 3729 1674 3780 rr.
1697 3730 1822 3810 capa
1844 3708 1895 3781 ita

366 3802 590 3902 explicuisse,
615 3803 653 3876 δι
670 3805 840 3877 Tu'nova
855 3820 960 3892 nota,
984 3825 1057 3873 non
1068 3798 1112 3871 ad
1128 3799 1292 3875 voculam
1306 3805 1389 3874 circa
1403 3819 1659 3899 utoportuerat
1674 3854 1687 3896 ,
1710 3806 1766 3882 sed
1780 3806 1823 3881 td
1834 3806 1897 3879 Ti·

368 3909 450 3995 fiant
472 3900 606 3993 relata,
629 3923 706 3973 eam
731 3900 798 3974 tibi
822 3897 975 3972 vindicas
1000 3899 1344 3997 interpretationem,
1369 3898 1432 3972 nisr
1477 3899 1548 3974 uod
1569 3924 1613 3994 err
1627 3903 1779 4001 quodam
1796 3903 1905 3980 Lexi-

368 4022 417 4073 co
435 3998 563 4092 addas,
587 3997 888 4073 emansorem
904 3996 1002 4068 illum
1018 4044 1033 4087 ,
1064 3999 1124 4094 qui
1137 3994 1363 4099 graecismum
1382 3997 1442 4070 hlc
1507 4019 1634 4092 tuem,
1665 4004 1709 4076 rol
1722 4002 1788 4077 as)
1800 4012 1909 4078 ratas
1991 3980 2013 4041 ⁷

366 4121 438 4197 pro
457 4097 518 4193 ipsso
539 4093 624 4192 liſsa
650 4099 756 4196 capit.
807 4092 919 4188 Qtod
943 4092 980 4166 &
1002 4100 1114 4190 Regias
1135 4112 1344 4185 notaverat,
1375 4094 1413 4167 &
1443 4097 1480 4167 in
1504 4098 1667 4172 omnibus
1692 4098 1832 4173 Lexicis
1852 4101 1907 4175 est

370 4196 539 4365 obvipm,
564 4193 602 4269 δι
616 4197 652 4269 in
666 4193 740 4299 ipso
754 4193 923 4295 Stephani
944 4190 1125 4268 Thesauro
1146 4193 1324 4285 occurrit,
1347 4193 1410 4289 qui
1425 4192 1490 4267 tibi
1509 4217 1690 4296 promptus
1706 4196 1838 4297 semper
1854 4196 1907 4274 est

372 4312 458 4365 mmr
489 4314 535 4365 er.

369 4432 373 4441 ·
421 4389 472 4462 Pa

459 4410 516 4559 tf·
540 4397 622 4484 256.
654 4411 690 4460 ιι.
720 4413 780 4485 4o.
828 4354 972 4467 Grauarl
1010 4354 1162 4492 explicas
1199 4390 1317 4502 moleste
1348 4387 1476 4481 ferre,
1508 4387 1558 4498 ⁹&
1600 4391 1672 4468 hoc
1709 4340 1909 4497 significatu

363 4498 457 4561 ‘accu
491 4505 605 4597 tivum
635 4506 753 4601 regere
781 4490 959 4561 ambitiose
985 4489 1102 4563 doces.
1154 4487 1272 4596 Atqur·
1303 4485 1374 4555 hoc
1393 4483 1456 4594 'ad
1492 4483 1627 4602 lib-1.⁸
1657 4513 1788 4593 capr.
1824 4515 1907 4596 pag.

377 4592 434 4658 16.
459 4583 557 4656 Edrt.
585 4603 680 4654 meae
710 4609 781 4681 Jam
813 4583 1026 4693 docueram,
1059 4585 1097 4656 δι
1122 4582 1291 4680 exemphs
1320 4579 1418 4657 claras
1446 4579 1484 4656 δι
1516 4584 1594 4659 satas
1618 4587 1749 4663 idoneis
1773 4590 1909 4666 confir·

373 4703 576 4776 suaseram,
600 4700 688 4782 quae
715 4700 756 4758 tu
785 4683 905 4758 omnia
931 4696 1062 4781 partim
1086 4700 1134 4757 α
1160 4701 1240 4756 moa
1273 4698 1387 4776 uota,
1423 4680 1554 4780 partun
1581 4706 1628 4767 ex
1655 4685 1737 4780 viris
1773 4684 1909 4786 doun,

1821 4811 1913 4905 §lidos
