4058 5558
393 262 521 448 inu
569 332 669 425 cu·
717 330 1450 424 cnrrunonnuarun.
1641 356 1705 462 a,

174 498 371 579 commiss‘os
386 496 630 588 animadverti,
647 510 688 567 ut
704 516 797 566 nunc
816 490 1004 590 exemplis,
1021 514 1065 564 ex
1084 514 1209 590 magna
1226 493 1328 590 copia
1344 492 1482 591 quidem
1500 498 1637 595 paucis,
1654 501 1708 576 scd

174 601 360 678 illustribus
376 594 416 670 δι’
432 592 760 669 manifestisdocere
777 591 963 662 instituam.

224 699 306 773 Lib.
322 719 377 769 ιι.
393 718 512 794 cap.4.
527 717 606 792 pag.
615 713 719 777 91.n.
733 685 787 787 38.
803 690 1013 786 explicas,in
1031 688 1117 784 locu]
1137 689 1173 759 id
1186 688 1227 783 est
1242 693 1275 759 in
1290 693 1455 763 torculari.
1482 692 1616 768 Stultus
1632 695 1714 771 sane

175 799 288 870 fuisset
298 795 443 881 Fabius,
469 816 532 865 nec
552 811 715 886 umquam
732 785 941 859 vindemiam
958 784 1112 873 vidill'et,
1130 786 1151 857 fi
1166 810 1226 884 per
1241 787 1353 858 lacum
1368 794 1508 863 torcular
1523 795 1707 869 intellexis-

173 896 241 987 set,
258 919 340 967 cum
356 894 496 964 torcular
513 888 568 960 vel
585 886 688 984 ipsam
706 885 899 957 machinam
919 884 955 955 ὃ(
972 882 1128 981 prelum,
1150 909 1220 981 quo
1238 908 1322 956 uvae
1339 912 1565 985 premuntur,
1589 913 1707 987 notet,

171 994 228 1067 vel
245 1016 307 1091 per
322 990 512 1089 figuratum
528 986 716 1058 sermonem
732 1009 751 1055 a
766 985 895 1081 potiori
913 1003 1009 1079 parte
1025 980 1126 1079 poffit
1141 983 1177 1052 in
1192 983 1272 1054 villa
1287 987 1421 1076 vocari,
1437 988 1493 1059 vel
1508 990 1707 1065 aedificium

172 1090 383 1190 separatum,
408 1086 462 1158 vel
481 1109 554 1182 pars
568 1083 688 1170 villae,
713 1083 773 1154 ubi
791 1104 876 1152 uvae
889 1081 1045 1177 torqueri
1060 1077 1223 1151 solebant.
1267 1082 1333 1154 Sed
1349 1087 1452 1172 locus,
1480 1085 1708 1163 dacutiffime

173 1193 335 1278 Rhetor,
361 1206 455 1257 erant
474 1208 518 1255 cu
545 1205 603 1269 ae,
629 1180 864 1277 receptacula,
891 1180 926 1251 in
945 1200 1030 1276 quae
1045 1177 1196 1250 mustum
1215 1180 1407 1276 express'um
1425 1205 1467 1252 ex
1487 1187 1562 1258 uvis
1578 1187 1708 1260 deflue-

173 1289 232 1362 bat
245 1286 288 1360 ab
306 1284 491 1370 torculari,
516 1208 553 1352 bt
569 1279 617 1351 ibi
634 1276 828 1348 servabatur
845 1279 961 1368 aliquo
980 1295 1137 1375 tempore
1155 1275 1238 1348 dum
1256 1275 1508 1353 effervescebat.
1530 1283 1607 1376 Jam
1625 1310 1708 1358 vero

174 1388 250 1486 quis
273 1385 403 1483 peritus
421 1382 523 1452 hu'us
538 1378 586 1449 rei
605 1428 616 1468 ,
640 1374 805 1473 &legens
824 1374 913 1473 apud
929 1372 1075 1446 Fabium
1094 1425 1107 1465 ,
1132 1400 1184 1446 nec
1202 1375 1302 1460 nubo
1319 1382 1353 1446 in
1366 1380 1436 1449 lacu
1452 1381 1565 1474 slotim
1582 1384 1709 1478 austera

113 1516 120 1525 ·
165 1493 262 1580 stnt,
287 1480 441 1554 crederet
456 1407 631 1561 liabium,
656 1476 715 1570 qui
740 1494 859 1545 monet
878 1495 920 1543 ne
942 1473 975 1542 in
994 1470 1062 1569 ipsa
1085 1471 1225 1568 quidem
1243 1476 1441 1547 maturitate
1468 1479 1706 1575 (ingeniorum

172 1581 244 1654 scil.
260 1576 467 1677 puerilium)
483 1573 549 1645 elle
567 1570 828 1661 maturandum,
845 1593 944 1668 agere
960 1569 1003 1640 de
1017 1566 1193 1641 torculari.
1226 1570 1324 1641 Nam
1338 1575 1501 1671 exemplo
1516 1579 1707 1651 mustorum

124 1722 126 1729 ι
176 1677 321 1779 probat,
347 1695 434 1771 quae
450 1695 519 1743 non
537 1667 660 1768 poshnt
675 1668 711 1740 in
728 1669 914 1758 torculari,
941 1665 1031 1739 unde
1045 1666 1157 1738 statim
1174 1664 1353 1756 defluunt,
1380 1670 1488 1743 immo
1507 1676 1707 1772 nequidem

174 1782 211 1849 in
225 1775 301 1847 lacu
319 1771 448 1844 austera
471 1768 572 1858 fieri,
600 1791 738 1864 parvam
756 1769 847 1837 enim
870 1767 1036 1863 temporis
1057 1788 1189 1836 moram
1213 1790 1283 1838 non
1302 1764 1483 1857 sufficere,
1510 1769 1564 1842 scd
1581 1773 1708 1847 debent

174 1878 263 1949 hanc
278 1869 506 1943 austeritatem
527 1867 562 1937 in
578 1864 678 1937 doliis
697 1863 733 1936 ὃ(
751 1864 925 1961 amphoris
952 1862 1061 1936 trablu
1088 1882 1157 1934 tem
1187 1867 1254 1937 oris
1275 1865 1503 1953 contrahere,
1528 1871 1708 1968 inquibus

174 1969 317 2046 condita
329 1969 429 2055 vina,
453 1963 490 2036 &
506 1962 640 2035 fumum
659 1960 812 2035 bibentia
829 1960 997 2035 vetustate
1037 1888 1251 2033 reficiebant.
1278 1961 1464 2035 Nescivisti
1482 1989 1588 2066 ergo,
1613 1969 1709 2069 Cap·

199 2066 377 2150 eronneri,
400 2066 485 2135 lucus
498 2058 645 2132 diversos
659 2084 678 2131 a
693 2064 909 2134 torcularibus.
961 1987 1034 2133 Sed
1045 2059 1174 2156 poteris
1191 2060 1260 2132 hoc
1278 2059 1403 2132 discere
1419 2084 1461 2133 ex
1480 2065 1641 2138 omnibus
1655 2069 1705 2142 R.

161 2176 166 2189 ¹
215 2222 223 2238 .
242 2161 480 2258 Scriptoribus
498 2210 511 2249 ,
536 2158 573 2231 bc
615 2181 677 2229 uae
693 2159 777 2231 olim
786 2158 834 2230 ad
852 2160 992 2230 Petron.
1007 2180 1082 2254 cap.
1099 2155 1224 2228 LXX.
1241 2159 1376 2250 notavi,
1402 2161 1526 2258 quibus
1541 2162 1655 2257 adde,
1682 2163 1707 2239 fi

171 2265 285 2339 adhuc
302 2259 458 2348 dubitas,
487 2184 624 2330 Tibulli
639 2255 758 2328 locum
776 2255 835 2327 lib.
856 2278 911 2327 11.
929 2254 1028 2352 Eleg.
1046 2280 1078 2328 v.
1094 2253 1147 2340 ils.
1166 2251 1185 2326 8
1191 2276 1224 2350 5.

156 2442 159 2447 Ι
282 2355 465 2435 Oblitus&
482 2354 580 2447 musto
589 2352 691 2448 feriet
699 2353 779 2447 pedo
791 2353 923 2445 rusticus
940 2376 1041 2442 uuas,

201 2466 205 2473 ’
356 2455 459 2529 Dotio
475 2468 562 2540 tum,
588 2456 696 2545 marni
710 2450 915 2542 deficiuntque
930 2455 1026 2520 lacus.

182 2557 227 2629 At
238 2548 402 2627 Urbanus
425 2552 534 2622 homo
553 2547 588 2618 &
612 2545 756 2619 affiduus
770 2543 961 2618 Parifienfis
983 2544 1088 2634 civis,
1113 2544 1150 2619 δε
1168 2544 1343 2619 immersus
1365 2545 1482 2621 studiis
1501 2552 1704 2630 Rhetoricis

176 2676 252 2724 raro
266 2650 433 2724 rusticaris
451 2698 463 2738 ,
488 2646 526 2718 &
543 2644 793 2718 vindemiarum
808 2642 941 2734 Festo,
968 2668 1039 2740 quo
1060 2668 1179 2716 omnes
1204 2646 1284 2718 laeti
1300 2645 1336 2716 in
1351 2646 1494 2719 Francia
1512 2651 1703 2746 tripudiant

176 2749 332 2849 &genio
357 2746 568 2844 indulgent,
593 2763 632 2815 tu
652 2747 775 2843 filontio
791 2747 914 2833 nobis,
939 2745 1040 2834 clauso
1060 2745 1221 2833 cubiculo,
1247 2743 1289 2823 &
1305 2748 1391 2814 unico
1412 2748 1527 2817 lumine
1542 2762 1573 2820 tc
1589 2755 1705 2822 tellum

174 2863 286 2939 tenes,
311 2845 457 2942 ideoque
475 2842 558 2914 haec
575 2840 640 2914 tibi
666 2842 825 2939 ignorare
847 2863 953 2936 aeque
976 2838 1089 2930 licet,
1114 2864 1154 2912 ac
1173 2838 1273 2914 nobis
1290 2839 1331 2910 ad
1347 2839 1624 2937 septemtrionem
1643 2848 1704 2922 ab·

168 2944 295 3042 jebtis,
321 2942 445 3037 quibus
462 2938 607 3037 asperius
629 2940 767 3010 coelum
785 2960 867 3009 uvas
889 2937 1058 3037 negavit,
1084 2934 1196 3037 &qui
1213 2935 1341 3010 nullam
1367 2960 1561 3039 umquam,
1587 2944 1650 3018 nist
1667 2949 1704 3021 in

82 3121 85 3125 ,
171 3042 288 3134 libris,
312 3038 520 3113 vindemiam
539 3035 699 3108 vidimus.
1572 3080 1575 3087 ι

221 3143 270 3212 At
287 3137 452 3211 rusticum
477 3153 513 3209 te
535 3157 607 3206 non
627 3131 691 3205 en'e
710 3130 812 3206 facile
821 3137 937 3225 politus
953 3132 1011 3205 ille
1025 3134 1158 3218 modus,
1184 3155 1283 3229 quo,
1306 3133 1426 3230 judice
1440 3136 1628 3231 Camubto,
1646 3164 1703 3215 me

172 3235 334 3334 perfrices
356 3233 395 3307 ἃ
421 3232 647 3332 perstringis,
672 3230 895 3329 popularibus
920 3230 990 3302 tuis
1015 3227 1187 3326 probabit.
1239 3228 1308 3303 Sed
1333 3229 1357 3304 sr
1384 3233 1420 3303 in
1444 3235 1534 3306 rebus
1557 3240 1704 3315 civilibus

172 3333 230 3429 (id
258 3330 308 3404 est
333 3349 528 3421 nonarum,
557 3346 598 3400 ut
626 3329 753 3400 centies
779 3326 952 3425 explicas)
985 3345 1022 3398 te
1045 3328 1243 3424 peritiorem
1266 3327 1304 3399 &
1328 3331 1437 3427 magis
1470 3334 1700 3412 exercitatum

168 3433 272 3504 amici
287 3429 340 3502 tui
350 3427 478 3528 jabiare
491 3426 646 3516 vellent,
673 3424 786 3498 nescio
812 3449 853 3497 an
877 3424 1046 3522 objiceret
1066 3425 1133 3498 tibi
1151 3425 1344 3500 Germanus
1355 3428 1469 3521 JCtus
1487 3430 1606 3527 aliquis
1622 3457 1697 3506 ver·

170 3530 239 3619 ba,
263 3524 387 3627 quibus
401 3524 462 3597 lib.
481 3548 519 3595 rt.
537 3548 613 3621 cap.
629 3546 708 3595 xrrr.
725 3521 866 3595 illustras
881 3521 940 3594 illa
954 3523 1058 3595 verba
1071 3520 1327 3618 Qrindliliani,
1355 3550 1450 3618 noque
1464 3530 1547 3597 enim
1560 3536 1697 3625 rogatio-

167 3630 259 3700 nibus
271 3624 409 3720 plebisve
420 3625 513 3717 ]citis
524 3620 639 3714 scanno
648 3619 726 3715 fiunt
741 3622 801 3713 isto
810 3637 995 3714 pastona,
1012 3621 1076 3692 hac
1094 3639 1194 3693 nota:
1209 3622 1454 3719 Rogationibus]
1474 3626 1610 3697 Senatus
1625 3653 1694 3700 con·

157 3728 281 3826 stultis,
306 3748 388 3819 quur
407 3725 532 3814 proprie
546 3721 597 3790 lor
619 3718 659 3799 li
679 3724 799 3814 rogatio
819 3718 1029 3807 dicebantur,
1053 3724 1129 3813 quio
1144 3717 1315 3812 ferebatur
1335 3723 1385 3790 lex
1407 3727 1524 3816 rogatis
1543 3724 1695 3820 dictisque

164 3825 302 3898 omnibus
309 3821 473 3918 sententiis
483 3854 504 3907 ‚x
522 3817 562 3896 (i
574 3818 770 3911 praestolante
796 3826 902 3911 (nota
918 3815 1118 3908 Gallulum,
1145 3815 1188 3888 de
1202 3814 1473 3890 Praefidentibus
1487 3818 1705 3906 Parlamenti·
1805 3826 1809 3833 “

164 3914 401 4020 cogitantem)
428 3911 846 4009 MugillratuScnotorio,
871 3917 963 3985 verbi
979 3919 1121 4010 gratia,
1148 3914 1287 4012 Confido.
1338 3915 1438 3988 Haec
1462 3916 1488 3988 fi
1512 3920 1692 3995 Farnobius

167 4039 224 4091 aut
239 4020 408 4091 Mincllius
423 4007 646 4097 effudissent,
672 4028 767 4081 certe
780 4009 821 4081 ab
837 4007 916 4108 ipsis
939 4013 1052 4108 pueris
1071 4009 1342 4101 exfibilarentur.
1382 4011 1457 4086 Ubi
1478 4036 1561 4086 vero
1577 4016 1691 4114 legisti

167 4109 550 4189 Senatusconsulndina
565 4112 640 4180 olim
651 4112 777 4201 proprie
793 4113 985 4205 rogationes,
1001 4106 1147 4206 &lcgcsl
1163 4110 1241 4182 Lex
1258 4130 1318 4182 aut
1334 4112 1470 4209 rogatio
1486 4113 1523 4183 in
1538 4115 1689 4190 comitiis

165 4210 360 4304 ferebatur,
384 4204 592 4284 Reverende
616 4204 772 4278 Domine
795 4206 992 4280 Licentiate
1024 4207 1243 4307 Theologe,
1268 4232 1456 4304 numquam
1481 4209 1515 4281 in
1546 4210 1687 4286 Senatu.

164 4306 277 4398 Qrod
298 4308 325 4382 ss
346 4309 412 4381 tibi
434 4304 582 4406 probare
604 4302 756 4395 vellem,
782 4322 868 4377 tunc
886 4323 981 4377 certe
994 4303 1109 4379 aetum
1133 4328 1300 4403 agerem,
1325 4304 1419 4378 &ad
1440 4305 1591 4380 subsellia
1612 4310 1686 4384 ludi

160 4403 302 4478 literarii
324 4425 381 4475 me
399 4424 517 4474 tecum
540 4401 771 4475 demitterem.
822 4403 889 4475 Sed
914 4401 1015 4475 video
1039 4401 1122 4500 quid
1144 4423 1212 4492 te,
1246 4403 1424 4477 hominem
1448 4406 1592 4478 minime
1613 4432 1686 4481 ma·

158 4503 265 4586 lum,
290 4494 345 4572 led
364 4497 550 4572 admodum
573 4498 781 4591 indodium,
805 4500 842 4571 in
857 4498 1010 4572 fraudem
1034 4500 1238 4598 impulerit:
1264 4503 1343 4598 quia
1365 4499 1409 4573 de
1424 4502 1684 4602 Rogationibus

161 4600 198 4672 &
211 4595 403 4672 Plebiscitis
424 4595 485 4669 hic
502 4594 575 4691 agit
590 4595 744 4689 Fabius,
766 4596 939 4672 recurristi
961 4597 1003 4671 ad
1025 4598 1207 4672 consuetos
1224 4598 1289 4671 tibi
1310 4598 1547 4691 confiliarios,
1573 4601 1682 4673 Lexi-

156 4694 382 4802 cographos‚
406 4692 446 4770 &
462 4692 619 4770 iudicum
637 4690 862 4774 confectores.
909 4698 965 4774 Hi
979 4696 1022 4773 ad
1038 4697 1279 4872 luftutiones
1294 4697 1386 4794 Juris
1402 4720 1485 4771 cum
1503 4718 1542 4773 te
1559 4701 1679 4773 remit·

1061 4854 1065 4859 .
1144 4815 1165 4894 3
1629 4817 1685 4872 te·
