4058 5558
233 320 288 407 86
460 312 506 396 P.
564 306 1060 431 BURMANVNI
1116 300 1554 391 EPISTOLA

237 482 422 557 terent,tu
440 487 493 536 eas
509 461 704 563 inspexisti,
729 461 784 535 sed
802 463 1093 561 immemor-jam,
1111 458 1207 536 velut
1221 456 1306 531 alter
1322 457 1516 557 Didymus,
1539 480 1625 557 quae
1638 458 1776 563 scripse-

237 586 287 634 ras
303 585 381 661 pag.
393 573 493 648 69.n.
508 584 587 659 345.
603 562 647 633 de
662 586 703 633 eo
722 563 781 659 qui
796 578 888 658 rogat
897 566 1067 655 Populum,
1094 582 1164 631 non
1180 559 1344 633 Senatum
1352 561 1576 649 Romanum,
1593 558 1631 631 ὅ(
1644 585 1677 631 n.
1693 562 1776 656 148.

234 660 297 733 ubi
311 661 380 734 fere
394 661 511 735 eadem
527 659 751 752 definitione,
772 659 808 733 ὃ(
825 661 994 751 formula,
1018 659 1144 749 uteris,
1161 655 1344 751 justiniani
1361 656 1464 729 verba
1479 682 1549 730 non
1563 653 1774 735 intellexisti.

176 798 179 803 ,
240 758 338 832 Nam
365 785 446 833 cum
468 763 525 832 tit.
546 759 590 831 de
602 759 676 853 Jur.
693 759 781 833 Nat.
802 758 851 833 G.
869 758 905 830 dc
921 758 966 830 C.
983 758 1014 857 §.
1031 780 1065 854 4.
1085 757 1196 855 legem
1218 752 1399 828 definitam
1414 753 1576 847 vidisses,
1601 783 1697 852 quant
1712 764 1776 832 Po·

236 863 329 951 palus
348 862 511 931 Romanos
536 860 700 932 Senatorio
725 858 925 954 Magistratn
949 862 1191 951 interrogante,
1222 857 1353 949 (velati
1378 852 1537 949 Confido)
1562 856 1781 949 constituebat.

239 957 302 1028 Tu
318 956 358 1028 ad
375 958 503 1054 patriae
522 974 600 1027 tuae
620 978 775 1047 morem,
801 955 862 1029 ubi
876 954 989 1029 nullae
1002 954 1079 1028 sunt
1096 950 1221 1052 populi
1242 972 1380 1048 partes,
1405 952 1448 1023 ad
1465 952 1677 1028 Parlamenta
1692 954 1781 1028 haec

239 1051 414 1127 reserenda
428 1054 595 1144 credens,
619 1053 679 1126 ubi
690 1055 901 1150 praefidentes
917 1051 1020 1145 sunt,
1046 1057 1106 1149 qui
1128 1068 1252 1147 rogant
1270 1051 1450 1124 Senatores
1469 1048 1675 1144 sententias,
1698 1055 1784 1153 qui·

164 1238 167 1243 ¹
241 1151 305 1223 bus
324 1152 622 1251 1·ogntis&didlis
640 1151 682 1224 fit·
701 1158 751 1223 lex
779 1152 919 1249 (Arrest
941 1170 981 1223 ut
996 1151 1149 1241 vocatis,
1176 1148 1213 1221 &
1232 1149 1340 1220 miror
1358 1148 1447 1223 hanc
1465 1173 1588 1222 vocem
1606 1151 1784 1227 Gallicam

243 1271 279 1323 te
295 1275 365 1322 non
383 1250 602 1338 adhibuisse.)
654 1249 736 1324 Scio
753 1248 839 1347 quid
854 1250 970 1324 veniae
988 1245 1223 1347 impetrandae
1247 1264 1444 1344 praetexere
1465 1247 1588 1346 pollis,
1612 1274 1685 1323 non
1706 1254 1786 1325 exi-

242 1347 281 1447 gi
297 1347 552 1439 aQuindliliani
566 1367 842 1422 commentatore
859 1345 1079 1447 prudentiam
1091 1347 1177 1446 juris
1193 1345 1327 1442 publici
1343 1365 1403 1418 aut
1418 1347 1564 1443 privati,
1582 1349 1678 1446 quod
1695 1351 1787 1425 olim

245 1447 337 1542 apud
362 1450 543 1521 Romanos
567 1445 748 1539 obtinuit,
774 1445 888 1519 multo
913 1447 1024 1518 minus
1047 1444 1082 1518 id
1106 1442 1271 1545 postulari
1295 1468 1315 1516 a
1340 1443 1541 1519 Licentiato
1565 1447 1785 1548 Theologo,

246 1544 304 1615 cui
327 1543 453 1618 sufficit
479 1544 604 1618 Curiae
628 1547 810 1618 Romanae
834 1549 1011 1642 rogationes
1027 1543 1070 1626 Θ
1085 1547 1192 1640 seges,
1218 1540 1254 1614 id
1276 1540 1326 1616 est
1348 1566 1428 1638 qnae
1449 1545 1647 1638 praefidenti
1665 1553 1787 1645 Magi·

239 1641 349 1738 strato
366 1641 600 1738 Ecciestassieo,
625 1646 728 1716 aetati
746 1649 861 1735 Papa,
894 1642 1156 1715 acardinations
1170 1644 1297 1736 rogans,
1309 1639 1443 1737 dioiiftoe
1456 1639 1647 1734 sententiis,
1664 1645 1788 1740 feran-
1838 1643 1845 1656 ’

248 1754 327 1829 tor,
350 1741 390 1812 ad
409 1763 562 1840 unguem
579 1740 722 1833 callere,
746 1736 911 1839 &praeci
940 1763 983 1811 ue
998 1737 1170 1812 novissimi
1185 1739 1347 1811 Laterani
1372 1758 1565 1813 contentus
1585 1742 1789 1841 rogationer

249 1835 397 1936 &legen
423 1840 511 1912 Tibi
525 1835 697 1930 sufficere,
722 1836 838 1929 dices,
855 1764 993 1911 noddere
1005 1859 1127 1910 omues
1144 1859 1247 1909 voces
1262 1835 1439 1910 technicas
1456 1836 1601 1932 (idest,
1619 1843 1791 1917 terminos

245 1934 350 2022 attis)
377 1937 610 2027 Rhetoricae,
660 1961 703 2011 ua
725 1934 891 2025 scientia,
915 1954 957 2009 ut
977 1935 1112 2034 Aegide
1135 1935 1321 2027 munitus,
1346 1934 1434 2007 rides
1458 1932 1601 2011 insultus
1625 1941 1790 2015 omnium
1823 2010 1830 2018 .

252 2031 574 2108 Grammaticorum
590 1962 865 2107 &zriticorum
892 2033 1040 2107 Utinam
1059 2053 1192 2123 tamen,
1205 2033 1310 2105 tacite
1325 2029 1437 2107 forsan
1452 2053 1571 2108 tecum
1587 2037 1701 2130 dices,
1711 2039 1793 2114 usus

251 2129 311 2203 hic
327 2155 468 2241 quoque
490 2130 623 2205 fuissem
646 2129 799 2206 sollemni
819 2130 1004 2223 formula,
1038 2155 1106 2229 qua
1128 2130 1225 2229 saepe
1247 2154 1354 2203 muco
1378 2131 1466 2204 mihi
1488 2154 1532 2204 ne
1547 2157 1688 2228 errem,
1712 2139 1792 2210 aride

251 2228 515 2324 Jnriscontnltos,
539 2239 601 2322 (ut
623 2253 702 2329 pag.
723 2253 800 2316 109.
820 2254 852 2302 n.
870 2227 925 2303 18.
943 2228 979 2300 dc
995 2229 1074 2302 alibi
1085 2229 1103 2316 )
1128 2227 1167 2301 &
1183 2227 1287 2303 verba
1302 2252 1446 2320 eorum,
1471 2252 1559 2326 quae
1577 2252 1649 2305 non
1663 2237 1793 2334 capio,

252 2326 469 2424 reliquissem.
520 2326 649 2422 Qrales
666 2353 707 2400 va
734 2351 772 2399 ae
793 2327 995 2398 &incertae
1016 2327 1197 2402 auctorum
1222 2327 1403 2399 citatiores
1427 2327 1662 2422 praetulissent
1679 2357 1795 2432 quan·

250 2422 331 2495 dam
352 2423 600 2498 confidentiam
616 2422 685 2497 fine
707 2350 815 2497 dubio
824 2456 837 2512 3
861 2421 917 2495 sed
931 2448 1050 2515 nunc,
1075 2424 1160 2496 dum
1179 2443 1274 2496 natas
1291 2422 1359 2497 sine
1376 2425 1530 2517 cortice,
1556 2426 1594 2500 δε
1610 2452 1672 2529 per
1684 2448 1722 2504 te
1738 2434 1798 2507 vie

253 2518 285 2593 sa
312 2544 387 2615 ere,
414 2546 484 2596 non
500 2523 683 2598 nominatis
697 2520 826 2621 JCtis,
849 2520 998 2599 ostendis
1013 2519 1182 2620 insignem
1198 2521 1330 2621 Reipb.
1345 2525 1528 2597 Romanae
1543 2525 1795 2625 ignorantiam.

255 2547 354 2692 iiiam
382 2639 442 2695 tua
465 2623 582 2714 tatio,
606 2620 654 2693 ob
673 2644 776 2715 quam
800 2626 982 2789 Rogationem
1003 2618 1114 2694 dictae
1138 2617 1203 2692 fint
1225 2616 1547 2716 senatusconsulta,
1569 2627 1792 2726 quiarogatir

255 2717 403 2812 dictisque
409 2719 574 2815 sententiis
590 2718 809 2810 ferebantur,
857 2741 905 2791 uo
920 2718 985 2790 alia
999 2742 1106 2815 aeque
1130 2717 1270 2792 venusta
1293 2718 1429 2817 possent
1451 2722 1646 2818 producere
1666 2726 1706 2799 in
1727 2727 1792 2802 do·

255 2812 405 2889 &issimo
428 2834 492 2889 tuo
509 2815 651 2890 cerebro
665 2833 874 2888 commenta.
924 2815 1106 2888 Nimirum
1121 2836 1162 2888 ut
1177 2816 1281 2889 etiam
1300 2814 1409 2889 lector
1423 2816 1604 2912 crederet,
1630 2823 1728 2925 poss'e
1739 2828 1787 2899 n·-

136 2956 139 2963 ·
256 2919 309 2983 ein
334 2914 390 2987 vel
413 2910 556 2988 ditiiones
577 2915 701 2987 eodem
722 2917 803 3013 jure
825 2912 898 2986 dici
920 2911 1244 2988 senatusconsulta:
1270 2916 1353 3012 quia
1370 2917 1481 3014 major
1505 2917 1557 2989 via
1572 2922 1697 2995 certel
1738 2925 1786 2998 ’a

258 3011 369 3099 dietis,
387 3033 489 3108 quam
505 3017 624 3108 rogatis
641 3011 812 3083 sententiis
827 3011 972 3084 accedit.
1011 3010 1129 3105 Quam
1148 3009 1303 3110 lepidum
1319 3035 1405 3110 ergo
1419 3011 1520 3105 esset,
1544 3013 1622 3088 siin
1638 3020 1713 3093 aliis
1754 3046 1790 3095 a·

248 3106 308 3178 bii
324 3108 431 3200 locis,
448 3108 508 3182 ubi
525 3111 644 3180 ditium
664 3107 719 3181 vel
732 3110 825 3179 distin
833 3111 1010 3197 occurrit,
1037 3111 1085 3181 ita
1101 3127 1355 3182 commentatus
1367 3111 1469 3203 esses,
1493 3113 1612 3188 dinan
1627 3117 1684 3191 vel
1698 3120 1793 3194 donn

156 3275 160 3279 .
258 3204 310 3277 est
326 3211 376 3279 lex
392 3206 758 3304 &senatusconfioltnrn,
783 3209 858 3300 qnia
875 3206 965 3278 dinis
970 3204 1140 3304 sententiis
1147 3204 1269 3300 fertur.
1322 3207 1479 3281 Alterum
1502 3233 1574 3284 non
1581 3213 1793 3316 illepidum,

262 3302 358 3399 quod
379 3328 423 3376 ex
447 3324 507 3378 tua
530 3305 765 3403 etymologiae
790 3300 1000 3376 subtilissima
1023 3303 1206 3377 rimatione
1227 3303 1347 3402 aliquis
1369 3306 1462 3378 rudis
1483 3307 1520 3381 ὃ(
1541 3311 1666 3386 crassus
1684 3316 1795 3417 Belga

262 3398 444 3493 efficeret,
461 3403 531 3494 est,
555 3401 652 3500 quod
664 3399 889 3475 contenderet
906 3424 1017 3498 aequo
1048 3424 1108 3473 ure
1126 3406 1337 3497 Rogationes,
1363 3403 1399 3474 &
1417 3402 1442 3476 fi
1458 3407 1508 3478 vis
1523 3409 1698 3505 dictiones,
1721 3415 1794 3491 dici

262 3501 565 3597 omnessententiat
580 3550 593 3592 ,
615 3502 862 3573 aPrnetoribns
877 3500 919 3580 &
934 3424 1168 3595 nagilirastbns
1179 3505 1425 3594 pronnnriatos,
1449 3509 1523 3597 qnia
1530 3504 1689 3601 fatentur
1703 3538 1797 3612 roga·

262 3603 305 3670 tis
320 3600 469 3697 dictisque
483 3603 619 3672 omnium
624 3599 771 3693 jndicem
777 3597 966 3691 sententiis,
990 3596 1028 3670 δε
1044 3599 1094 3669 ita
1109 3599 1227 3670 omnia
1249 3600 1407 3670 omnium
1430 3600 1658 3703 collegiorum
1676 3658 1687 3699 ,
1715 3631 1800 3686 cor·

266 3719 418 3791 potum,
442 3695 646 3770 societatum
664 3746 677 3788 ,
702 3697 897 3771 civitatium
914 3695 984 3766 &c
1007 3693 1143 3768 decreta
1161 3697 1301 3794 proprie
1316 3698 1434 3769 vocari
1449 3705 1633 3798 Rogationts
1649 3709 1797 3806 pollent.

253 3791 332 3887 ¹Sed
349 3795 527 3867 mittamur
541 3793 605 3866 hos
622 3791 782 3866 molestos
800 3792 885 3885 tibi,
908 3789 1002 3882 scio,
1023 3795 1136 3888 jocos.
1434 3819 1437 3825 ¹

315 3892 445 3965 Melius
461 3889 526 3966 tibi
541 3892 758 3990 Theologo,
780 3888 818 3962 ὃ(
838 3890 918 3988 quia
934 3912 1055 3989 parurn
1071 3887 1172 3963 distat
1187 3887 1314 3990 priscae
1341 3892 1506 3994 (ignosce
1519 3896 1664 3997 dativo,
1690 3926 1797 4003 quem

265 3986 332 4061 tibi
357 3989 572 4064 vindicatum
604 3989 709 4074 dedi)
737 3990 918 4071 Romanae
943 3988 1103 4088 religioni
1129 4013 1246 4063 recens
1261 3991 1307 4065 ’δε
1330 3996 1489 4086 novitia,
1522 4000 1740 4078 manifestum
1760 4008 1798 4082 ἃ

268 4087 422 4161 notabile
443 4090 534 4163 inter
555 4087 725 4186 responsa,
748 4091 875 4161 oracnln
899 4088 942 4169 ξεῖ
964 4093 1068 4160 omina
1089 4087 1271 4161 discrimen
1298 4089 1363 4163 esse
1383 4091 1488 4166 doces
1525 4094 1585 4169 lib.
1602 4123 1637 4171 v.
1659 4125 1737 4202 cap.
1759 4127 1797 4204 7.

268 4208 347 4285 pag.
359 4206 439 4282 374.
455 4210 488 4259 n.
511 4212 589 4283 ¹50·
604 4185 630 4261 fi
646 4208 761 4261 tamen
775 4186 806 4260 F
806 4185 902 4259 abius
918 4186 1115 4258 cerimoniis
1128 4185 1195 4258 tuis
1209 4186 1324 4262 fuisset
1339 4190 1517 4280 initiatus,
1543 4194 1656 4269 statim
1673 4201 1800 4297 respon·

259 4280 369 4376 snab
394 4288 524 4359 necatos
547 4285 616 4358 &c
640 4286 850 4384 distinguere
873 4284 1047 4382 potuisset.
1096 4285 1194 4357 Nam
1211 4291 1364 4376 noenta,
1389 4288 1455 4360 effe
1475 4288 1598 4366 summi
1614 4297 1801 4376 Pontificio

267 4377 400 4469 effata,
424 4380 563 4476 responsa
577 4406 726 4473 eorum,
752 4383 812 4482 qni
832 4381 1057 4456 dominantur
1079 4382 1115 4455 in
1131 4405 1262 4457 mentes
1284 4384 1421 4482 plebis,
1447 4386 1662 4468 sacerdotum
1680 4400 1798 4472 mino.

270 4498 370 4567 rum,
385 4484 488 4553 omina
501 4481 767 4578 ono&angnria
777 4480 847 4553 &c
872 4480 938 4553 elle
954 4499 1087 4554 retenta
1102 4481 1258 4553 utilitatis
1276 4481 1436 4581 publicae
1449 4489 1580 4581 caussa,
1605 4515 1799 4596 eorumque

272 4575 569 4676 interpretationes
594 4578 659 4650 effe
685 4599 788 4677 penes
812 4578 1058 4671 Licentiatos,
1082 4579 1296 4671 exorcistas,
1327 4581 1519 4678 doctores,
1544 4594 1704 4665 curiones
1726 4594 1800 4671 &c

271 4674 530 4772 pronuntiasset.
580 4675 623 4752 N
625 4698 693 4752 unc
709 4698 791 4754 reto
808 4694 848 4751 tu
863 4698 973 4752 novae
989 4673 1171 4771 addidtus,
1195 4677 1240 4754 de
1253 4679 1613 4780 priscaRomanomm
1627 4691 1800 4793 religione

1731 4792 1801 4867 sol·
1874 4908 1877 4913 Ι
