4064 5558
237 304 293 415 a,
476 297 522 382 P.
580 286 1566 382 auaunuu1.ar1sroia

239 469 319 546 pag.
333 445 418 545 708'.
433 469 466 518 n.
482 469 568 543 421.
588 446 648 519 ubi
665 466 728 515 nec
744 465 834 540 ego,
859 463 924 512 nec
942 436 1118 536 quisquam
1135 439 1218 513 alius
1234 439 1348 514 adhuc
1364 445 1554 542 interpres,
1580 447 1692 522 dicere
1706 475 1772 549 po-

239 552 336 637 tuit,
362 547 445 644 quid
469 545 511 618 srt
533 569 565 616 or
585 540 761 616 comarren's
781 538 872 634 apud
888 538 1046 610 Fabium.
1096 535 1215 633 Quare
1239 562 1308 636 ego
1333 561 1543 615 tentaveram
1567 548 1773 647 conjedluris

240 644 373 740 aliquot
386 644 504 716 locum
521 641 705 715 obscurum
723 671 736 724 3
770 635 824 707 sed
842 638 940 710 ulcus
962 637 1165 731 reliqueram
1187 636 1400 712 felicioribus
1423 642 1562 715 medicis
1578 635 1796 721 sanandum„

243 741 343 838 Qrid
366 741 550 815 modestius
566 758 722 838 poteram
741 733 755 806 ?
781 737 843 807 Tu
861 736 1035 843 vulgatam
1053 784 1066 823 ,
1092 755 1131 804 ut
1145 737 1280 807 acutior
1297 761 1353 809 me
1370 738 1557 830 videreris,
1589 741 1776 818 defenden-

241 840 320 912 dam
337 840 484 938 suscipis.
535 838 602 911 Sed
619 839 750 908 utinam
769 832 1031 904 absurdissimam
1049 833 1338 927 explicationem,
1362 861 1428 933 qua
1445 861 1477 908 os
1494 863 1674 914 concurrens
1690 844 1778 916 dicis

242 938 327 1029 else,
353 963 435 1010 cum
454 957 571 1009 orator
588 935 759 1007 audientes
776 929 915 1027 aspicit,
943 929 1092 1001 &abiis
1111 931 1252 1004 viciffim
1268 931 1448 1030 aspicitur,
1474 935 1704 1012 confirmasses
1722 942 1779 1015 vel

244 1038 345 1109 unius
359 1037 486 1108 veteris
501 1033 675 1130 scriptoris
691 1029 904 1102 austeritate.
959 1029 995 1100 Si
1012 1027 1055 1098 de
1071 1024 1195 1100 osculis
1215 1051 1375 1127 ageretur
1391 1081 1404 1121 ,
1435 1031 1535 1105 facile
1556 1036 1641 1131 q‘uid
1656 1063 1688 1110 as
1704 1064 1778 1112 con·
1833 1028 1845 1033 '⁴

244 1158 369 1206 canens
386 1133 496 1222 esset,
523 1148 683 1229 caperent
702 1127 873 1216 lestores,
898 1123 954 1197 sed
967 1125 1016 1197 ‘de
1036 1145 1174 1198 oratore
1191 1126 1457 1202 &audientibus
1481 1154 1584 1204 nemo
1597 1134 1780 1218 divinaret.

246 1232 284 1305 Si
299 1256 330 1302 os
346 1256 410 1329 pro
427 1231 536 1303 oculis
555 1229 704 1323 pofitum
720 1275 733 1315 ‚
763 1245 803 1296 ut
817 1225 912 1321 saepe
926 1222 1039 1315 solet,
1071 1224 1205 1301 dixisses
1220 1275 1232 1316 ,
1263 1226 1374 1323 aliqua
1388 1225 1514 1325 species
1528 1234 1600 1303 veri
1613 1237 1779 1331 potuiffet

199 1374 207 1386 ι
246 1329 401 1402 obtendi.
449 1327 569 1403 Sed&
587 1349 670 1401 tunc
688 1345 874 1423 rogarem,
907 1320 990 1419 quid
1008 1320 1088 1394 esset
1109 1348 1177 1394 cam
1194 1348 1243 1394 ore
1257 1343 1452 1398 concurrente
1466 1331 1607 1402 rixari?
1630 1357 1693 1404 cur
1710 1334 1781 1409 hoc

247 1451 318 1500 non
333 1426 505 1524 explicas?
530 1449 571 1499 an
585 1426 665 1523 quia
682 1445 817 1494 mecum
837 1419 1034 1517 ignorabas,
1055 1442 1141 1517 quae
1155 1419 1243 1491 solus
1257 1421 1458 1495 intellexisse
1477 1425 1528 1496 vis
1543 1428 1672 1500 videri?
1686 1432 1781 1506 Cau-

248 1528 317 1597 tius
334 1523 481 1614 fecisses,
508 1521 536 1599 fi.
549 1525 619 1595 hoc
644 1523 741 1594 ulcus
759 1517 1046 1606 innaturalis,
1072 1540 1151 1589 meo
1169 1519 1351 1616 exemplo,
1377 1519 1558 1593 sanandum
1578 1526 1783 1629 reliquisses,

250 1623 287 1695 ἃ
305 1624 422 1695 livoris
439 1621 538 1695 testes
554 1639 610 1693 tot
625 1620 736 1692 inanes
753 1617 788 1688 St
805 1616 942 1687 inutiles
956 1633 1080 1703 notas,
1114 1616 1150 1687 in
1175 1615 1357 1714 publicum
1374 1622 1469 1692 exire
1492 1645 1563 1694 nou
1587 1622 1698 1698 fuisses
1711 1637 1783 1725 pas.

245 1720 310 1793 sus.
361 1722 442 1795 Nisr
462 1718 574 1818 pudor
588 1741 644 1789 me
660 1739 800 1814 quoque
819 1764 830 1803 ,
855 1733 895 1785 ut
911 1734 975 1803 te,
1001 1715 1206 1801 coerceret,
1233 1719 1282 1786 ori
1298 1724 1493 1790 concurrenti
1508 1718 1728 1829 adjungerem
1744 1740 1781 1806 ts

242 1819 435 1915 profanmn,
450 1817 543 1916 quod
558 1840 641 1888 cum
657 1813 844 1888 Turnebus
860 1809 936 1884 satis
951 1830 1067 1908 aperte
1085 1808 1324 1906 explicuiffet,
1338 1818 1410 1910 ejus
1428 1834 1546 1889 notam
1565 1823 1678 1894 nescio
1693 1847 1784 1922 quo·

248 1918 357 1990 modo
367 1968 379 2008 ,
389 1915 650 2014 Capperonneri
660 1964 672 2004 ,
682 1910 921 2006 omiseris,qui
941 1929 1087 1983 caeteras
1103 1927 1196 1981 tanta
1214 1933 1297 1983 cum
1312 1910 1493 2011 diligentia
1509 1917 1702 2014 congeffisti
1720 1930 1784 2018 (ut

250 2013 388 2087 reddam
408 2015 475 2087 tibi
491 2033 551 2086 tua
571 2035 649 2110 pag.
668 2009 751 2102 685.
771 2032 803 2079 n.
824 2013 901 2088 20.)
921 2007 1083 2077 nimirum
1101 2007 1180 2100 quia
1195 2030 1264 2105 ego
1279 2008 1421 2083 lectores
1435 2011 1477 2084 ad
1496 2014 1653 2089 Petronii
1670 2018 1784 2095 Com·

128 2160 137 2177 2
251 2132 457 2184 mentatores
475 2113 678 2210 rejeceram,
703 2107 763 2179 ubi
781 2104 914 2202 pollent
928 2102 1003 2176 satis
1018 2102 1156 2175 edoceri
1172 2104 1260 2178 hanc
1274 2105 1464 2182 libidinem.
1498 2134 1601 2206 quare
1618 2115 1655 2190 &
1671 2141 1786 2194 meam

251 2208 415 2281 debuisses
429 2207 540 2280 delere
555 2227 686 2279 notam.
720 2203 787 2282 Sed
806 2201 971 2299 reliquisti
985 2226 1027 2274 ne
1042 2202 1170 2298 periret
1185 2223 1245 2275 tua
1258 2224 1360 2295 nota,
1386 2230 1453 2304 qua
1469 2211 1641 2311 pag5683.
1657 2238 1692 2285 n.
1705 2239 1788 2312 239,

251 2306 434 2380 incendere
448 2306 573 2378 videris
586 2302 753 2377 leslorum
770 2298 951 2389 desideria,
975 2319 1016 2373 ut
1038 2301 1253 2396 explanatius
1273 2302 1342 2375 hoc
1358 2301 1484 2396 sciant,
1500 2307 1667 2383 addendo.
1714 2319 1789 2388 Ne·

243 2406 383 2501 fanano
401 2403 692 2483 &abominandam
710 2402 872 2473 libidinem
881 2399 1027 2490 pluribus
1043 2402 1196 2488 explicare
1212 2399 1444 2497 (inpromptu
1460 2427 1537 2477 nem
1589 2409 1789 2514 Theologo

109 2523 112 2531 “
251 2505 322 2577 hoc
337 2502 445 2590 esset,
466 2499 491 2573 fi
510 2501 636 2584 velles)
653 2513 745 2570 vetar
758 2498 871 2590 pudor.
906 2493 973 2568 Sed
992 2492 1016 2568 sr
1033 2493 1093 2565 hic
1109 2515 1291 2592 peccatum
1307 2499 1434 2596 aliquid
1449 2525 1469 2573 a
1484 2521 1520 2574 te
1554 2506 1628 2597 uit,
1643 2507 1716 2581 hoc
1734 2515 1788 2587 in·

254 2601 340 2700 figni
359 2598 561 2672 castratione
576 2620 706 2672 vocum
722 2593 969 2669 obscoenarum
989 2592 1071 2665 alibi
1089 2590 1213 2690 pensas.
1240 2595 1337 2669 Nam
1353 2622 1387 2694 p.
1403 2620 1488 2694 490.
1505 2623 1633 2700 n.233.
1650 2629 1692 2680 ex
1711 2633 1787 2698 mea

253 2720 336 2771 nota
351 2698 583 2788 vocabulum,
598 2698 634 2768 in
649 2718 719 2862 Ἕω
734 2689 1141 2801 εκεωρ1υῑη1ορεορὴαῑὶ
1157 2695 1406 2862 erat,ep‘ecisti,
1421 2695 1542 2845 politis
1558 2701 1694 2870 pundis
1706 2709 1785 2803 qui.

246 2795 411 2883 busdam,
436 2793 529 2867 unde
546 2816 637 2865 nunc
687 2792 899 2888 acophatum
914 2786 1066 2861 divinare
1080 2809 1252 2886 cogantur
1280 2791 1430 2864 catores.
1461 2797 1559 2870 Simu
1589 2818 1699 2872 tamen
1714 2805 1781 2874 mi·

253 2920 312 2969 ror
328 2918 392 2966 cur
408 2919 450 2990 pa
481 2890 714 3001 ‚sequenti-o.
727 2912 817 3001 .²4⁰·
862 2884 952 2998 'assus
973 2882 1013 2956 fis
1037 2882 1111 2982 legi
1123 2883 1414 3001 obscoenisfimam
1425 2891 1558 2966 Galiaei
1574 2895 1788 3001 obser-ratio·—

253 3016 334 3065 nem
353 3018 360 3063 :
387 2917 495 3060 sedda
511 2990 580 3061 hoc
595 2986 736 3081 expiasti
753 3039 764 3075 ,
791 2911 966 3058 calllffime
983 2982 1192 3055 monachalis
1209 2985 1429 3074 castimoniae
1446 3011 1608 3087 patrone,
1624 2993 1788 3071 exciden.

254 3089 303 3162 do
320 3108 452 3187 partem
465 3086 560 3159 illam
577 3084 710 3159 virilem
730 3082 766 3155 ἃ
785 3084 1001 3190 praecipuam
1026 3101 1130 3152 notae
1148 3104 1241 3155 meae
1254 3108 1343 3253 pag.
1362 3108 1447 3180 421.
1464 3112 1497 3159 n.
1515 3111 1575 3183 97.
1594 3093 1790 3189 quaesedu.

257 3195 352 3260 dores
376 3184 567 3259 monachos
590 3179 761 3279 tangebat.
813 3175 993 3276 Caligulae
1016 3178 1194 3273 personam
1217 3179 1253 3253 su
1267 3182 1389 3284 cepisti
1410 3188 1447 3257 iu
1472 3209 1548 3260 mea
1561 3183 1719 3288 scripta,
1753 3194 1793 3269 dt

256 3291 360 3358 annio
378 3286 437 3358 ribi
453 3288 488 3356 in
504 3306 602 3357 ornnes
618 3281 722 3357 licere
737 3275 920 3353 existimas.

867 3515 1017 3613 Cau.
1058 3518 1156 3614 XI.

330 3701 612 3870 ignorantiae
633 3728 1060 3878 Cappe'ronnerianae
1063 3727 1306 3868 specimina
1324 3762 1384 3834 ex
1400 3732 1550 3839 moltis
1558 3758 1723 3877 panca.

326 3979 383 4054 Ed
396 3978 628 4053 exsenticetis
642 3977 679 4050 δι
693 3974 830 4074 spinetis
849 4027 862 4069 ,
895 3977 1019 4074 quibus
1034 3978 1124 4052 livor
1141 3979 1324 4054 &invidia
1349 3978 1487 4056 obsedit
1497 3983 1650 4064 animum
1668 4010 1800 4092 tuum,

328 4102 538 4177 orepamus,
571 4076 609 4150 &
633 4076 713 4175 quia
734 4073 866 4148 Leston
885 4098 1008 4173 parum
1032 4079 1084 4152 his
1113 4077 1260 4151 horridis
1283 4078 1322 4152 &
1343 4079 1464 4178 asperis
1487 4083 1570 4157 rixis
1586 4080 1799 4189 delerentur,

263 4178 440 4251 videamus
452 4200 494 4248 an
507 4199 569 4275 per
585 4174 767 4274 ampliores
782 4173 997 4273 ignorantiae
1013 4199 1154 4274 campos
1170 4175 1379 4251 &omnium
1394 4180 1544 4277 partium
1561 4185 1799 4287 Philologiae,

143 4279 145 4282 ‘
265 4273 293 4348 fi
308 4298 409 4346 unam
420 4273 651 4348 Rhetoricam
665 4273 840 4372 excipias,
856 4273 1049 4371 imperitiae
1062 4299 1143 4348 eum
1160 4277 1285 4373 majori
1298 4300 1381 4349 cum
1399 4278 1581 4377 voluptate
1596 4286 1796 4363 circumdu-

266 4394 345 4446 cere
359 4370 521 4470 posfimus
539 4396 547 4444 a
580 4397 657 4444 nam
675 4372 758 4445 licet
772 4394 893 4446 omnm
905 4370 977 4446 fere
992 4394 1095 4448 notae
1116 4392 1196 4446 tuae
1218 4373 1285 4448 sint
1306 4375 1468 4470 ineptae,
1499 4379 1636 4457 inutiles
1660 4382 1698 4458 δι
1714 4409 1811 4462 rere

267 4469 518 4559 Minellianae,
548 4492 634 4566 quae
652 4470 756 4542 verba
780 4472 924 4544 clariora
947 4471 1044 4571 saepe
1063 4472 1242 4572 explicant
1257 4493 1319 4569 per
1335 4471 1561 4568 obscuriora,
1592 4480 1720 4560 Latina
1795 4475 1801 4485 ’

265 4568 432 4658 barbara,
457 4565 625 4666 elegantia
639 4590 700 4664 per
712 4563 847 4638 sordida
865 4615 878 4656 ,
903 4568 940 4638 in
954 4570 1007 4642 his
1021 4569 1101 4669 ipfis
1116 4589 1230 4641 tamen
1244 4568 1356 4645 obviis
1371 4571 1409 4645 dt
1423 4573 1631 4673 quotidianis
1643 4607 1692 4655 vo
1785 4622 1802 4641 ·

266 4667 336 4761 lis,
364 4666 504 4768 quaein
518 4662 680 4742 omuibus
690 4664 834 4741 Lexicis
849 4667 1026 4763 reperias,
1047 4664 1229 4767 pudendos
1246 4666 1328 4773 ipfis
1341 4674 1458 4769 pueris
1472 4697 1604 4752 errores
1614 4674 1754 4779 saepen
1767 4702 1808 4756 te

455 4800 461 4811 ¹
739 4816 744 4827 =
814 4826 817 4831 -
1475 4836 1478 4841 .
1697 4801 1805 4859 com-
