4064 5558
236 314 296 400 ς,
467 285 515 372 12.
573 274 1576 372 nuuuauunnnrsronn
1660 352 1668 366 .
1749 234 1838 269 ”

239 464 338 519 notas
351 440 516 539 inspicere
535 443 676 533 volent,
697 437 914 539 judicabunt.
964 438 1076 511 Nunc
1096 436 1299 512 immensum
1318 439 1443 512 it'erutn
1462 440 1677 541 ingredimur
1691 442 1781 537 iter,-

240 544 277 615 in
294 567 366 640 quo
386 543 551 614 terminos
565 561 625 613 aut
645 558 752 611 metas
767 538 873 610 nullas
886 535 1003 607 videre
1018 556 1078 609 aut
1095 538 1301 633 contingere
1322 537 1423 609 nobis
1439 536 1581 631 liceret,
1611 540 1775 623 sromncs

241 664 286 713 ex
303 645 423 737 inepto
443 660 507 711 tuo
524 640 559 709 &
577 634 813 736 paedagogico
839 632 995 706 thesauro
1011 634 1211 706 Rhetorico
1229 636 1265 705 ὃ(
1283 634 1524 709 Grammatico
1549 637 1694 736 deprorn
1723 659 1776 712 tas

156 813 161 822 ,
243 757 340 808 notas
355 736 550 825 recensere,
577 737 613 805 ὃ(
631 735 777 805 ridiculo
795 755 969 827 exponere
986 731 1121 803 vellem.
1170 733 1219 803 Et
1236 729 1319 804 licet
1335 733 1553 830 magnificus·
1564 737 1621 809 ille
1641 664 1775 807 dodra-

244 858 307 905 nae
325 854 403 906 tuae
418 858 543 932 praeco
559 830 746 931 Camusatns
763 849 859 900 notas
876 850 950 901 tuas
967 879 978 918 ,
1003 851 1184 925 antequam
1200 829 1304 900 etiam
1321 829 1453 901 viderat
1471 881 1482 920 ,
1508 838 1695 907 Excellentes
1709 856 1777 907 uo·

246 935 374 1005 caverit
389 932 517 1020 nobis,
539 950 676 1016 tamen,
701 927 724 997 sr
740 946 903 1014 vacaret,
928 949 1047 996 omnes
1069 925 1139 997 fere
1158 928 1233 1022 ejus
1254 928 1387 1023 generis
1408 924 1500 1018 esse,
1519 949 1567 1001 ut
1579 930 1787 1025 ineptiendi.

245 1029 344 1103 bride
357 1028 495 1125 ,lupia
512 1050 633 1099 omnes
655 1027 691 1095 in
711 1021 822 1095 Usum
839 1023 1008 1120 Delphini
1024 1024 1255 1120 interpretes,
1283 1027 1444 1098 Minellios
1466 1024 1504 1097 ὅ(
1522 1028 1698 1119 Juackeror
1713 1051 1778 1099 ex·

248 1126 432 1217 cellueris,
457 1123 634 1195 ostendere
656 1122 692 1193 in
715 1139 884 1219 promptu
911 1120 1003 1192 esset.
1054 1120 1111 1193 Ex
1134 1120 1293 1195 universis
1310 1143 1429 1209 ¹vero,
1462 1146 1615 1218 quaeest
1638 1146 1697 1195 tua
1712 1146 1778 1223 pe·

248 1249 295 1297 nu
313 1225 540 1319 prodierunt,
568 1242 690 1318 paucas
712 1219 866 1315 eligam,
893 1216 1078 1290 &duobus
1104 1216 1303 1314 capitibus,
1327 1217 1370 1288 ad
1387 1217 1459 1290 duo
1478 1241 1603 1315 genera
1620 1219 1778 1318 redigere

249 1322 423 1392 conabor:
448 1342 596 1416 quorum
612 1317 764 1413 primurn
783 1314 878 1387 dabit
893 1334 991 1386 notas
1008 1314 1098 1402 illas,
1126 1313 1250 1411 quibus
1267 1315 1415 1412 gloriam
1434 1318 1570 1389 inanem
1586 1317 1780 1391 &stultam

249 1437 364 1512 captas
387 1441 431 1489 ex
456 1419 613 1513 priorum
635 1429 952 1486 commentatorum
973 1436 1009 1482 re
1037 1411 1262 1503 rehensrone,
1288 1410 1323 1483 &
1345 1413 1407 1484 ubi
1427 1413 1567 1486 coelum
1593 1413 1630 1487 &
1653 1435 1782 1493 terram

251 1514 459 1587 clamoribus
484 1513 632 1608 imples,
658 1507 750 1608 quasi
772 1509 816 1581 de
840 1507 988 1580 fortunis
1012 1436 1110 1580 i²abii
1127 1506 1164 1579 ὅ(
1181 1509 1340 1580 omnium
1356 1509 1531 1583 literarum
1545 1508 1660 1583 aetum
1677 1512 1782 1605 effer,

250 1613 312 1685 ubi
334 1612 416 1710 quid
439 1609 495 1681 vel
510 1612 546 1680 in
562 1609 682 1688 litera,
708 1606 832 1702 syllaba
847 1605 902 1677 vel
925 1625 1071 1677 accentu
1087 1626 1269 1702 peccatum
1297 1606 1349 1679 fit.
1399 1607 1560 1704 Denique
1581 1609 1721 1681 alteram
1742 1611 1783 1685 in

251 1709 385 1782 classem
411 1705 599 1780 reserentur
621 1704 821 1802 insigniores
844 1702 1040 1800 quaedam,
1066 1700 1119 1777 sed
1149 1703 1294 1798 pueriles
1318 1703 1356 1774 ὅ(
1380 1702 1634 1802 paedagogicae
1657 1726 1782 1800 notae,

252 1807 375 1903 quibus
394 1804 449 1877 rel
465 1804 600 1878 Graece
614 1802 723 1875 adlata
741 1801 867 1874 Latine
891 1801 1023 1891 vertis,
1048 1799 1103 1871 vel
1117 1799 1243 1873 Latina
1257 1800 1399 1873 Graecis
1417 1800 1529 1877 verbis
1551 1800 1621 1876 fine
1635 1804 1704 1876 ulla
1718 1828 1781 1877 ne-

252 1902 402 1976 celsitate
416 1896 477 1975 aiat
492 1904 643 1975 utilitate
664 1899 776 1971 reddis
790 1895 884 1987 ,vel
898 1897 1046 1993 denique
1060 1896 1164 1969 verba
1188 1905 1268 1986 (aut
1284 1916 1324 1969 ut
1348 1919 1388 1971 tu
1407 1897 1505 1994 loqui
1519 1923 1609 1974 amas
1619 1902 1648 1989 ‚l
1672 1904 1784 1975 diaro-

253 2026 333 2091 nes,
360 2000 552 2092 &loquendi
572 1997 761 2092 formulas,
786 1993 1034 2090 vulgatissimos
1060 1994 1144 2066 ritus
1169 1992 1205 2066 &
1231 1993 1393 2068 tralatitia
1415 1997 1629 2093 antiquitatis
1655 2023 1784 2073 monu-

255 2116 372 2172 menta
388 2095 502 2168 inutili
519 2095 634 2167 labore
651 2091 816 2164 illustrare
829 2092 972 2163 conaris.
1255 2168 1258 2179 ¹

304 2194 409 2265 Circa
429 2192 531 2291 primi
551 2191 686 2293 generis
709 2207 806 2260 notas
828 2186 1004 2261 observare
1019 2189 1123 2262 velim
1139 2186 1354 2282 Lestorem‚
1379 2191 1444 2266 tibi
1460 2216 1620 2293 magnam
1636 2216 1680 2265 ex
1695 2195 1785 2267 infa-

253 2290 567 2381 miaTurnebi,vim
577 2308 736 2362 notarum
747 2286 823 2376 ,vel
833 2287 949 2383 potius
963 2286 1210 2361 investiantum
1228 2288 1293 2361 ess'e
1309 2307 1423 2361 natam
1434 2291 1471 2361 in
1485 2292 1561 2385 illas¹
1572 2311 1787 2387 notas,quae

255 2390 316 2463 lirb
333 2390 396 2459 viri
415 2386 598 2461 doetiffimi
614 2384 756 2458 nornine
770 2382 1079 2473 circumferuntur,
1104 2383 1198 2482 quafi
1214 2405 1254 2457 tu
1255 2410 1294 2553 p
1312 2387 1401 2459 imus
1421 2391 1579 2463 omnium
1592 2384 1785 2484 deprehen·

258 2486 373 2577 disses,
392 2486 461 2559 illas
476 2510 497 2557 a
511 2486 657 2557 Turnebo
673 2507 743 2557 non
758 2482 824 2555 esse
865 2479 1018 2555 rofeslas.
1070 2482 1139 2554 Sed
1155 2483 1255 2555 candi
1279 2485 1311 2574 i,
1336 2507 1409 2556 non
1423 2485 1558 2577 dicam,
1582 2483 1790 2582 Theologi,

258 2584 431 2658 sedetiam
449 2583 620 2657 Rhetoris
635 2579 773 2668 suisset,
799 2506 968 2675 ledores,
990 2580 1051 2677 qui
1066 2577 1134 2651 sola
1150 2598 1211 2652 tua
1224 2580 1404 2671 editione,
1428 2582 1529 2680 plena
1550 2581 1787 2655 calumniis&

200 2714 210 2731 ¹
261 2682 410 2754 nominis
432 2681 498 2752 mei
515 2680 551 2751 &
573 2680 719 2750 aliorum
738 2677 1307 2768 infamia,utenrur,monerc,me
1325 2686 1380 2771 (ut
1393 2681 1463 2775 jam
1481 2677 1579 2776 supra
1594 2679 1791 2769 indicavi,)

261 2803 333 2851 non
356 2778 432 2875 plus
455 2776 519 2861 illis
544 2774 729 2863 detulisse,
755 2796 858 2870 quam
884 2773 1044 2869 sagacitas
1067 2774 1179 2845 tua&
1194 2775 1344 2846 eruditio
1366 2775 1432 2847 illis
1453 2777 1603 2847 tribuere
1621 2774 1652 2845 se
1666 2775 1787 2870 jadias.

261 2876 310 2949 Et
327 2898 407 2947 cum
422 2876 459 2945 in
474 2898 577 2946 manu
595 2893 655 2947 tua
669 2871 750 2944 esset
763 2895 817 2944 eas
830 2890 949 2943 omnes
963 2872 1125 2967 rejicere,
1150 2871 1207 2945 vel
1220 2891 1261 2944 ut
1275 2871 1412 2947 inutiles
1429 2870 1465 2947 &
1480 2874 1612 2969 ineptas
1625 2870 1786 2964 resecare,

263 2972 336 3063 (sed
358 2973 406 3043 ira
423 2996 478 3043 ma
506 2994 567 3042 nae
584 2970 669 3041 moli
692 2968 893 3041 decrevisset
909 2976 1005 3063 pars)
1030 2991 1087 3041 me
1108 2968 1145 3039 id
1165 2969 1645 3066 impetrareaTypographis
1665 2971 1791 3045 nostris

263 3093 334 3143 non
350 2993 531 3167 potuisld,
554 3067 614 3163 qui
632 3065 691 3138 ubi
707 3063 875 3139 editiones
898 3062 970 3132 illas
990 3060 1076 3133 olim
1098 3087 1182 3143 ¹cum
1204 3064 1294 3135 notis
1318 3066 1490 3137 variorum
1512 3065 1618 3141 editas
1642 3088 1790 3143 renova·

263 3191 300 3239 re
317 3167 458 3252 volunt,
482 3165 551 3239 hoc
568 3164 752 3262 praecipue
767 3157 889 3257 pacisci
904 3156 1034 3248 solent,
1060 3176 1100 3229 ut
1115 3158 1203 3230 nihil
1219 3183 1262 3229 ex
1282 3159 1451 3256 prioribus
1465 3161 1668 3257 abjiciatur,
1694 3164 1793 3262 quod

266 3288 383 3336 carum
401 3262 513 3334 adhuc
529 3259 732 3334 desiderium
751 3256 853 3356 poffit
874 3255 966 3353 apud
981 3272 1131 3328 emtores
1151 3258 1314 3330 excitare.
1362 3257 1500 3332 Frustra
1515 3283 1598 3333 vero
1624 3284 1685 3334 nos
1702 3278 1792 3337 'cum

268 3359 463 3458 pervicaci,
486 3358 523 3431 dc
539 3376 675 3431 tantum
690 3357 790 3428 lucro
805 3360 867 3428 suo
882 3356 1014 3425 intenta
1033 3373 1137 3449 gente
1160 3351 1255 3453 saepe
1277 3353 1487 3428 contendere
1502 3355 1538 3429 ἃ
1553 3381 1710 3457 pugnare
1725 3386 1790 3435 no·

268 3477 349 3529 runt
368 3456 444 3547 illi,
470 3456 529 3549 qui
546 3478 626 3527 cum
643 3455 695 3525 his
711 3454 858 3551 ingeniis
878 3448 1070 3524 confliciati
1087 3448 1192 3522 suere.
1240 3452 1445 3553 Quare'ego
1459 3478 1601 3552 quoque
1618 3480 1699 3531 curn
1718 3458 1788 3533 hoc

267 3556 424 3628 obtinere
439 3578 510 3626 non
532 3551 746 3650 potuissem,
770 3551 807 3621 in
824 3549 1032 3646 praefatione
1047 3572 1103 3619 me
1120 3547 1274 3623 adversus
1291 3573 1376 3644 eos,
1401 3552 1461 3649 qui
1476 3575 1533 3624 me
1549 3553 1803 3628 Turnebiana·¹

269 3677 346 3724 rum
363 3671 522 3722 notarum
541 3650 679 3722 nomine
696 3648 896 3721 calumniari
916 3646 1071 3735 vellent,
1098 3649 1232 3719 munivi
1249 3648 1360 3720 verbis
1379 3649 1476 3747 supra
1491 3676 1525 3746 p.
1546 3660 1603 3723 26.
1627 3654 1690 3745 jam
1707 3675 1785 3749 pro·

271 3747 393 3821 dusiis.
419 3746 495 3818 Cur
511 3747 579 3818 hoc
595 3768 700 3816 omne
715 3741 946 3834 dissimulasti,
972 3766 1034 3815 nec
1050 3743 1086 3825 in
1101 3742 1333 3838 praefadoue,
1357 3768 1422 3817 nec
1441 3747 1478 3817 in
1492 3749 1583 3819 notis
1607 3739 1676 3821 t'uis
1687 3748 1784 3846 bujus

271 3846 338 3917 mei
353 3843 396 3914 de
415 3840 729 3915 Pseudo-Turnebi
749 3841 841 3913 notis
864 3839 982 3930 judicii
1009 3840 1192 3912 certiorem
1210 3840 1373 3939 lediorem
1393 3843 1534 3916 fecisti?
1567 3868 1692 3945 nempe
1709 3843 1791 3943 quia

270 3943 393 4019 titulus
415 3937 656 4025 obtreblandi,
670 3936 834 4037 carpendi
847 3935 886 4009 b(
899 3935 1077 4010 arrodendi
1093 3937 1183 4013 clara
1196 3940 1235 4011 in·
1247 3939 1354 4013 literis
1371 3941 1595 4017 nomina'tibi
1612 3943 1693 4017 sutri
1735 3952 1795 4013 'ie-

271 4059 340 4113 tur.
391 4037 561 4111 Curuero
580 4034 782 4128 diffimul'as,
806 4034 966 4133 mestrepe
981 4026 1087 4133 etiam
1104 4034 1430 4111 Turnebianas'illas
1449 4062 1549 4112 notas
1566 4036 1672 4139 castig
1717 4036 1797 4112 e&
1847 4110 1851 4115 .

274 4134 552 4232 reprehendisse?
577 4133 688 4231 Qrod
713 4132 739 4208 si
763 4156 835 4206 non
858 4133 917 4205 ubi
944 4157 989 4207 ue
1003 4132 1178 4226 ¹fecerim,
1210 4135 1373 4233 ignobilis
1397 4161 1521 4235 operae
1546 4140 1725 4228 taedium,
1758 4137 1800 4213 δι

273 4231 480 4324 brevitatis,
503 4235 561 4306 cui
581 4234 617 4305 in
634 4234 726 4305 notis
742 4158 967 4331 congerendis
986 4235 1137 4305 maxime
1155 4233 1289 4322 studui,
1315 4258 1398 4306 cura
1416 4233 1571 4308 effecere.
1621 4238 1678 4310 Te
1691 4260 1799 4328 vero,

276 4330 337 4499 poi
360 4329 502 4401 crassum
526 4327 563 4401 &
582 4329 817 4423 ponderosum
836 4331 1003 4411 volumen
1023 4328 1205 4403 extrudere
1220 4330 1388 4421 volebas,
1411 4332 1542 4419 nullam
1564 4335 1651 4409 elabi
1664 4333 1801 4434 passum

293 4423 375 4497 uisse
391 4424 493 4521 objur
539 4425 598 4498 ndi
612 4430 792 4500 Turnebum
808 4428 846 4503 ὃς
860 4430 944 4502 alios
957 4428 1161 4527 interpretes
1175 4427 1390 4519 occasionem
1406 4431 1568 4521 omnibus
1586 4430 1688 4506 facile
1704 4454 1803 4528 pate-
1884 4470 1887 4475 ·

276 4520 360 4611 bit,
392 4545 470 4595 nam
509 4520 689 4619 emper&
713 4520 842 4618 ubique
862 4524 1037 4597 censorem
1052 4548 1153 4622 agere
1168 4523 1356 4622 pulchrum
1370 4524 1645 4628 &magnificum
1687 4531 1803 4611 utalli.

279 4618 425 4717 Incirile
440 4641 524 4699 vero
541 4616 580 4695 δι
596 4618 837 4717 importunum
853 4618 930 4715 est,
954 4622 1027 4717 non
1042 4618 1152 4701 modu
1172 4620 1349 4729 Turmbma
1364 4626 1496 4725 ubique
1516 4624 1648 4717 vellete¹
1712 4625 1803 4706 lace.

815 4784 818 4789 .
961 4781 971 4793 .
1713 4749 1810 4819 rare,
