4064 5558
380 332 498 418 nn
537 322 640 415 ot.
680 314 1429 411 caranaouuanrun.
1639 357 1698 451 5,

153 494 208 570 hil
224 508 337 569 mutat
352 489 388 563 in
403 486 497 563 sensu
507 479 698 582 ,supponis
723 476 824 571 Qtid
841 476 929 551 haee
943 476 985 548 ad
992 477 1309 553 Fabiumitantum
1324 499 1366 552 ut
1380 478 1535 557 vendites
1546 480 1695 584 &jasies

149 617 310 668 veterum
318 585 644 663 Grammaticorum
653 577 842 651 editionem
852 598 977 675 ,quam
986 576 1429 674 promittis,sedquasacile
1445 581 1637 657 carebimus
1647 586 1695 675 ,li

152 694 191 765 in
207 692 262 765 illa
269 688 413 763 eandem
430 676 741 756 insaniaminsanire
756 674 860 764 velis,
870 697 973 772 quam
988 676 1024 745 in
1031 674 1129 746 Fabii
1140 674 1298 747 editione
1312 676 1411 748 nobis
1424 679 1581 753 ostendis.
1607 684 1693 757 Nec

152 791 320 878 meliora,
345 804 407 857 aut
423 802 511 881 quae
524 782 598 877 ejus
612 774 771 847 editionis
787 770 991 845 dendenum
1005 772 1229 864 excitabunt,
1247 770 1432 869 specimina
1444 776 1553 851 adfers
1568 780 1694 854 incon·

151 910 247 987 gruo
262 887 346 957 loco
363 900 535 980 p.490.n.
545 870 626 947 228.
641 870 701 943 ubi
719 894 776 943 me
789 869 1031 968 reprehendis,
1041 868 1136 967 quod
1151 871 1187 940 in
1197 872 1304 969 Regii
1321 873 1434 944 verbis
1447 898 1517 947 non
1532 879 1692 951 emenda·

153 988 264 1059 verim
281 984 485 1055 κακοσύνθετα
498 995 564 1071 pro
578 969 831 1063 Cacafipirbelon.
876 967 941 1039 Sed
958 969 1043 1038 haec
1058 969 1164 1038 inanis
1181 966 1217 1037 δι
1235 966 1328 1039 fatua
1343 970 1465 1063 erilis,
1490 996 1576 1071 quae
1596 978 1632 1048 in
1648 976 1691 1050 li·

154 1083 309 1155 brarium
329 1077 447 1165 eadit,
476 1094 549 1143 non
562 1070 623 1141 Re
651 1070 737 1138 ium.
753 1067 789 1138 in
803 1067 876 1165 ejus
900 1065 993 1137 enim
1015 1062 1196 1156 editione,
1229 1088 1334 1162 quam
1359 1090 1452 1140 nunc
1475 1089 1554 1143 ante
1569 1067 1691 1147 oculos
1728 1070 1734 1083 ’

158 1180 273 1253 habeo
295 1178 338 1249 A.
358 1193 461 1266 trra.
479 1167 607 1240 venet.
678 1162 749 1234 fine
763 1163 872 1236 dubio
889 1164 925 1235 in
941 1162 1014 1235 aliis
1028 1164 1160 1255 etiam,
1187 1164 1315 1261 legitur
1336 1163 1426 1237 clare
1441 1166 1694 1262 Carasynthetan.

158 1301 232 1349 mea
252 1274 291 1346 fit
316 1293 401 1367 ergo
425 1267 509 1339 haec
534 1263 668 1362 culpa,
702 1261 789 1357 qui,
821 1258 957 1351 fateor,
989 1260 1240 1333 corresloribus
1265 1260 1401 1356 permisi
1423 1263 1568 1338 aliorum
1592 1291 1691 1344 notas

154 1367 404 1456 emendandas,
428 1362 597 1435 sollicitus
613 1378 749 1432 tantum
765 1357 809 1430 de
825 1358 937 1449 meis,
963 1357 1000 1430 in
1018 1358 1142 1454 quibus
1161 1361 1237 1458 plus
1256 1383 1366 1457 aequo
1383 1363 1484 1433 etiam
1504 1387 1689 1459 peccatum

151 1469 214 1540 esse
229 1462 415 1540 confiteor.
466 1460 534 1536 Sed
552 1479 652 1533 tuum
669 1476 770 1548 erat,
796 1457 856 1554 qui
873 1457 990 1528 omnia
1004 1454 1094 1527 rodis
1112 1453 1150 1528 &
1166 1458 1304 1554 carpis,
1329 1458 1506 1532 consulere
1521 1463 1689 1540 editiones

151 1568 300 1664 prioress
326 1557 461 1633 vidill'es
473 1561 570 1631 enim
588 1580 652 1653 pro
664 1578 730 1646 yn,
755 1554 844 1626 vitio
860 1553 989 1626 librarii
1005 1553 1170 1652 irrepfille
1183 1560 1247 1648 ipl,
1272 1556 1366 1650 quod
1385 1580 1456 1629 non
1473 1560 1689 1656 merebatur,

151 1682 191 1737 ut
208 1680 321 1734 tantae
335 1658 455 1731 turbae
470 1681 489 1729 a
505 1676 541 1729 te
555 1657 805 1727 excitarentur.
855 1652 969 1726 Simili
982 1651 1169 1751 ineptiendi
1194 1654 1373 1751 prurigine
1387 1657 1423 1726 in
1439 1652 1574 1732 Tarnebr'
1592 1681 1689 1734 notas

150 1758 266 1859 pallim
281 1759 445 1830 criticum
462 1773 499 1828 te
514 1751 675 1853 praebes,
685 1749 722 1821 bt
741 1749 905 1824 mutanda
922 1748 1185 1823 &emendanda
1201 1749 1304 1822 verba
1322 1753 1524 1843 contendis,
1540 1756 1605 1830 tibi
1621 1758 1690 1831 visa

152 1880 331 1957 perperam
376 1852 484 1939 ostta3
500 1852 626 1949 &quia
639 1871 709 1947 ego
724 1844 854 1920 scilicet
868 1845 966 1937 silui,
983 1846 1025 1920 ab
1041 1846 1094 1920 his
1109 1849 1210 1947 nugis
1224 1847 1410 1924 abhorrens
1427 1849 1464 1921 ὅ(
1483 1852 1574 1926 aliud
1592 1855 1689 1954 quod

152 1978 288 2055 agerem
396 1974 454 2040 ns,
473 1969 519 2022 tu
536 1967 634 2021 notas
650 1948 687 2017 in
703 1968 763 2016 mo
771 1944 939 2018 censorias
957 1945 1087 2043 ubique
1103 1945 1222 2018 allinis.

201 2056 285 2153 Pag.
300 2071 385 2147 727.
399 2073 433 2121 n.
453 2069 510 2121 22.
524 2046 611 2133 ubi,
635 2042 855 2142 Pythagoras,
876 2047 933 2138 qai
948 2049 1054 2138 parias
1070 2044 1253 2213 Philpaphi
1266 2068 1375 2117 namen
1391 2043 1575 2140 afiarpanit,
1596 2049 1689 2151 legi·

151 2170 219 2224 mr.
242 2173 283 2222 tu
296 2148 328 2220 le
354 2145 481 2220 endum
497 2138 682 2217 tibivideri
693 2150 819 2235 primm
836 2159 945 2214 notar.
970 2140 1040 2217 Sed
1057 2163 1139 2213 vero
1168 2141 1281 2212 milius
1297 2142 1403 2240 longe
1418 2142 1618 2234 est‚tironis
1632 2150 1688 2223 vel

150 2249 278 2321 librarii
295 2170 397 2342 cqua
405 2242 572 2317 excidisse
587 2237 773 2339 quaedam,
796 2238 836 2311 '&
849 2236 1056 2409 lpgendum,
1078 2244 1134 2334 qai
1143 2243 1249 2333 patiar
1267 2240 1462 2334 Philosiphi,
1485 2266 1581 2337 qaam
1594 2248 1692 2338 Saphi

153 2354 230 2437 (aut
243 2344 273 2417 sa
298 2343 417 2425 ientis)
430 2366 540 2414 namen
554 2338 733 2434 usurpavit.
781 2336 848 2410 Sed
879 2358 908 2409 rt
925 2336 1077 2428 menda,
1135 2416 1138 2421 ,
1160 2336 1196 2411 id
1210 2338 1353 2410 moraris
1373 2339 1410 2410 in
1431 2341 1523 2413 notis
1540 2340 1689 2417 Pseudo-

274 2368 329 2529 bi,
355 2463 438 2538 quas
453 2459 573 2511 omnes
588 2434 793 2508 damnandas
810 2432 922 2508 censes
940 2435 977 2506 ὃ(
992 2360 1211 2533 ejiciendis..>

151 2446 283 2638 Tu&
303 2546 432 2635 567.n.
452 2558 508 2633 14.
523 2539 561 2609 in
579 2535 794 2615 Almeloaeaii
807 2549 891 2605 nota
907 2530 978 2605 duo
1001 2532 1140 2629 carpis,
1176 2556 1261 2631 quae
1286 2533 1321 2604 in
1345 2532 1500 2607 versione
1516 2536 1688 2613 Demetrii
1815 2583 1816 2589 κ

149 2638 304 2711 Phalerei
319 2634 495 2710 commisit
511 2683 526 2727 ,
559 2653 645 2731 quae
656 2649 774 2704 tamen
789 2629 860 2731 ipse
875 2628 989 2703 fateris
1012 2633 1047 2703 in
1069 2629 1222 2703 editione
1236 2635 1271 2700 T
1265 2632 1297 2701 h.
1306 2634 1400 2703 Galer'
1423 2632 1507 2721 (viri
1523 2635 1636 2709 multo
1651 2656 1688 2711 te

150 2734 335 2823 doslioris)
361 2732 502 2845 reperiri
520 2762 534 2817 5
560 2732 596 2803 in
616 2752 698 2803 eum
715 2750 800 2901 erigo
814 2727 978 2830 stringere
993 2726 1121 2803 serrum
1136 2726 1303 2819 deberes,
1329 2748 1369 2801 ut
1383 2728 1553 2804 sassurum
1571 2750 1605 2804 te
1621 2736 1688 2807 mi·

151 2837 249 2909 naris.
299 2832 366 2907 Sed
378 2855 459 2929 quta
472 2829 579 2901 ambo
598 2827 730 2900 mortui
755 2847 842 2918 unt,
867 2827 1043 2899 videamus
1083 2824 1202 2918 uaeso,
1226 2850 1269 2899 an
1283 2827 1379 2925 prior
1394 2827 1509 2899 saltem
1527 2831 1688 2906 crimina·

146 2935 207 3005 ‚tio
230 2952 304 3001 non
325 2930 441 3024 inepta
464 2925 571 2999 modo
593 2922 665 3016 lit,
698 2923 755 2997 sed
778 2944 815 2997 te
837 2925 1040 3023 imperitum
1095 2924 1209 2996 atinae
1236 2923 1428 3025 elegantiae
1457 2924 1523 2998 esse
1549 2928 1686 3025 probet.

155 3026 272 3100 Vertit
284 3028 399 3095 Galeas
412 3024 600 3119 χιςμιῦἧςμ
614 3044 677 3120 per
692 3040 819 3114 natam,
844 3040 885 3095 tu
901 3022 973 3113 vis,
996 3021 1117 3095 dicendi
1126 3046 1224 3124 genas
1236 3024 1296 3098 vel
1299 3023 1464 3120 formam,
1488 3024 1543 3098 vel
1562 3030 1688 3101 Chara-

149 3132 285 3211 ἄστεσι,
308 3120 532 3218 velfigararrr,
559 3118 612 3191 vel
618 3118 755 3213 stylum,
782 3118 849 3193 effe
865 3118 1079 3195 vertendum.
1120 3122 1187 3195 Sed
1200 3121 1333 3216 genasfi
1348 3120 1574 3212 adhibuisset,
1599 3148 1689 3196 non·

149 3245 194 3295 ne
217 3216 411 3293 ostendisset
439 3234 677 3317 paupertatem
697 3215 908 3291 elocutionis
927 3267 940 3309 ,
997 3219 1033 3289 ui
1061 3218 1096 3291 in
1119 3239 1187 3288 una
1233 3215 1355 3293 ¹riodo
1380 3238 1507 3289 vocem
1529 3220 1688 3298 eamdem

154 3319 257 3393 toties
273 3313 471 3416 geminalTet
489 3314 505 3386 i
529 3334 616 3388 tunc
628 3314 722 3387 enim
739 3314 906 3389 debuisstt
927 3240 1099 3404 serbere,
1124 3316 1162 3387 id
1184 3239 1375 3413 epemgm
1389 3315 1517 3390 dicendi
1539 3342 1688 3419 genere,

151 3420 232 3513 qaod
245 3416 362 3514 generi
378 3414 498 3486 dicendi
515 3412 687 3510 magnifico.
702 3417 820 3487 tribuit
835 3416 1028 3487 Demetrias.
1076 3416 1193 3485 Galeas
1214 3438 1298 3486 vero
1321 3412 1364 3487 ad
1389 3416 1566 3512 propriam
1589 3421 1689 3493 vocis

148 3516 358 3610 gembla&
374 3513 446 3584 vim
461 3510 721 3623 exprimendam
738 3512 868 3584 nullam
884 3513 1057 3611 aptiorem
1076 3513 1224 3609 reperire
1242 3511 1390 3609 potuisse
1408 3514 1545 3584 videtur
1563 3541 1573 3586 ε
1605 3539 1687 3589 nam

150 3614 188 3687 ὃς
202 3635 247 3682 ex
262 3608 541 3707 Lexicographts
553 3605 681 3679 discere
696 3609 879 3708 potuisses,
905 3609 1047 3707 proprie
1061 3607 1104 3678 de
1118 3613 1269 3681 nummis
1284 3610 1353 3679 dici
1368 3612 1585 3705 gagqallgaa,
1602 3636 1687 3711 quar

148 3709 186 3787 ἃ
204 3706 329 3782 formas
344 3707 382 3779 δι
400 3720 492 3779 natas
507 3706 630 3778 dicunt
644 3707 793 3800 Latini,
817 3728 857 3782 ut
873 3705 1000 3781 Fabius
1015 3704 1075 3779 lib.
1095 3714 1151 3778 16.
1164 3706 1305 3802 sermore
1320 3706 1469 3779 alendam
1483 3723 1520 3779 ar
1538 3734 1685 3805 namma,

146 3810 233 3902 ajat
244 3808 369 3901 pvblica
383 3804 425 3895 est
433 3802 555 3898 [brata.
588 3803 741 3879 Ovidius
755 3807 825 3881 111.
841 3827 905 3881 art.
919 3803 1164 3903 nasamonas
1175 3809 1300 3900 publica
1308 3806 1419 3900 forma
1431 3809 1546 3899 placet.
1571 3810 1686 3883 Hora·

150 3906 217 3978 tius
234 3927 319 3977 vero
332 3904 433 3979 poet.
445 3900 523 3972 llrt.
539 3896 598 4000 58.
614 3918 721 3975 natam
733 3903 834 3975 dixit.
860 3903 1162 3978 DeindeGraecos
1183 3906 1387 4000 χαςᾳκῗῆςφς
1403 3902 1524 3974 dixiffe
1538 3905 1574 3976 in
1589 3908 1686 3981 omni

152 4002 335 4075 hominum
352 4001 424 4073 vita
448 4013 563 4088 naras,
597 4000 723 4096 quibus
739 4000 896 4073 homines
912 4001 1014 4074 variis
1028 4000 1209 4094 moribus,
1235 4001 1388 4074 sermone
1405 4001 1508 4071 etiam
1525 3998 1562 4073 ὅ(
1579 4002 1686 4103 gesti·

153 4098 216 4173 bur
229 4100 508 4197 distinguuntur,
531 4116 573 4170 tu
589 4100 744 4189 Gallula,
767 4098 827 4197 qui
845 4098 1051 4172 charafleres
1067 4100 1116 4172 ita
1131 4099 1354 4197 popularibus
1369 4099 1436 4170 tuis
1449 4096 1520 4170 dici
1539 4101 1691 4199 novisti,

156 4195 214 4288 &,
235 4198 403 4287 Graecula,
427 4194 452 4270 fi
468 4194 706 4293 Theophrasti
721 4197 925 4292 χαςᾳκῐῆρᾳς
940 4195 1053 4293 legisti
1068 4245 1082 4288 ‚
1109 4197 1265 4294 ignorare
1282 4220 1353 4265 non
1370 4191 1481 4273 debes.
1533 4200 1611 4271 Hos
1627 4200 1687 4275 vess

153 4320 195 4367 ro
210 4294 342 4369 Latinis
365 4311 456 4368 notas
469 4292 541 4366 dici
558 4342 571 4383 ,
602 4289 629 4365 fi
647 4290 778 4386 nescis,
810 4294 988 4368 docebunt
1004 4311 1040 4364 te
1057 4313 1157 4365 notae
1171 4293 1212 4364 ad
1228 4295 1368 4364 perron.
1385 4316 1424 4366 ca
1453 4349 1459 4360 .
1475 4300 1687 4373 examin&

150 4416 274 4466 cxxvi.
289 4392 329 4464 St
347 4393 465 4463 omnia
475 4392 620 4465 Lexica.
649 4392 708 4464 cui
732 4413 817 4489 ergo
833 4393 930 4465 bono
946 4387 1150 4462 ridiculis&
1167 4388 1409 4490 paedagogicis
1426 4319 1480 4465 liis
1496 4397 1589 4467 notis
1604 4418 1687 4468 one·

147 4515 224 4564 tare
236 4492 373 4566 bonum
387 4486 668 4583 Qrinetilianum
685 4489 700 4562 i
734 4487 833 4583 Qtid
851 4486 866 4560 ?
899 4486 1011 4584 Quod
1027 4486 1092 4559 hac
1109 4485 1230 4561 alienas
1252 4510 1351 4562 notas
1368 4491 1528 4591 carpendi
1545 4492 1688 4565 libidine

145 4588 197 4661 ita
212 4582 415 4661 transversus
440 4585 575 4685 agaris,
607 4603 648 4657 ut
674 4589 778 4663 etiam
805 4586 921 4663 debita
940 4586 1037 4661 laude
1086 4587 1174 4660 rives
1199 4612 1286 4680 eos,
1320 4590 1379 4689 qui
1403 4589 1508 4663 secuti
1525 4587 1688 4662 lestiones

149 4686 319 4784 optimas,
337 4683 512 4759 carreiam
533 4679 725 4780 exhibent,
747 4686 832 4765 licet
846 4690 883 4765 in
898 4612 1470 4861 vulgatiffipmisplbsenationibus,
1494 4684 1532 4758 &
1548 4681 1591 4758 ad
1607 4687 1691 4859 Pse-

1655 4811 1690 4857 a·
