4058 5558
234 354 287 460 7s
467 349 513 434 Ρ.
572 340 1070 447 xuxmnunr
1134 285 1575 434 errsrota

234 508 313 579 ritas
327 506 506 606 exigebat,
534 532 635 604 quam
650 509 817 595 immunis,
833 504 930 575 litera
946 528 967 574 n
983 503 1071 574 inm.
1086 519 1239 591 mutata,
1255 501 1342 575 dicit
1360 507 1586 601 pronuntiari.
1623 504 1659 580 Si
1676 507 1769 581 enim

238 624 278 676 tu
293 609 441 677 immotos
457 606 612 679 voluisses
629 602 816 702 praeferre,
829 601 991 674 debueras
1008 600 1088 672 &in
1101 601 1216 694 priore
1231 603 1392 700 exemplo
1408 609 1542 694 optinuit
1559 602 1676 696 edere,
1686 628 1772 679 cum

175 775 182 784 ,
236 721 356 774 tamen
370 703 502 775 dcderis
519 709 672 791 obtinuit,
698 723 800 798 quare
817 725 877 772 nos
894 697 1002 774 secuti
1019 698 1195 789 meliores,
1221 697 1379 797 &ipsam
1397 703 1564 791 rationem
1582 755 1594 795 ,
1621 723 1657 776 te
1670 703 1776 778 oblo-

240 803 301 898 qui
322 801 357 872 &
374 802 566 875 obtrcstare
578 800 678 873 facile
697 801 859 895 patimur.

293 901 374 996 Pag.
391 923 461 982 129.
481 924 514 970 n.
530 923 556 993 4
584 955 590 969 .
608 901 667 970 ubi
682 894 796 994 agitur
810 897 854 968 de
865 893 1061 968 Aristotelis
1076 893 1189 983 libro,
1231 896 1267 965 ui
1283 893 1479 969 inscribitur
1494 900 1644 990 Gryllus,
1668 922 1780 998 quem

243 996 333 1069 redte
348 997 534 1069 Turnebus
603 997 658 1069 alii
677 996 762 1066 aGr
789 995 836 1066 llo
851 994 1099 1091 Xenophontis
1114 992 1188 1064 filio
1206 918 1339 1066 dissum
1356 997 1568 1090 opinantur,
1601 1019 1670 1095 ego
1688 1002 1781 1097 reje-

242 1118 356 1165 ceram
380 1094 542 1168 leiiorem
564 1094 605 1167 ad
632 1096 740 1192 Diog.
765 1020 882 1166 haeft.
901 1117 940 1163 rr.
966 1091 1055 1166 Sele.
1082 1112 1139 1188 55.
1163 1090 1199 1162 bt
1220 1099 1322 1164 Meno
1344 1097 1408 1165 ium
1430 1098 1504 1192 ejus
1527 1094 1781 1192 interpretem,

245 1196 305 1288 qui
322 1192 358 1263 &
378 1193 425 1264 ibi
444 1192 480 1264 &
499 1193 540 1266 ad
558 1193 616 1264 lib.
636 1217 669 1266 v.
691 1190 781 1263 sets.
798 1213 854 1263 22.
873 1189 908 1261 id
926 1189 1103 1261 docuerat.
1153 1190 1201 1262 Et
1218 1189 1302 1261 haec
1318 1118 1385 1263 suit
1404 1191 1473 1264 huc
1495 1189 1599 1291 usque
1614 1195 1783 1268 omnium

244 1289 459 1362 cruditorum
477 1289 666 1378 sententia,
692 1313 795 1385 quam
813 1288 872 1386 qui
887 1288 1082 1360 convellere
1098 1291 1218 1456 cupit,
1243 1287 1435 1387 producere
1455 1289 1557 1362 debet
1573 1315 1608 1362 ar
1635 1313 1784 1367 omenta

244 1388 434 1485 egregia&
452 1387 575 1474 sirma3
601 1387 662 1460 nisr
678 1386 843 1458 ridiculus
860 1385 1072 1459 obtreeraror
1089 1409 1129 1457 au
1156 1387 1205 1458 ire
1220 1386 1315 1459 velit.
1363 1386 1426 1458 Tu
1443 1387 1526 1485 quid
1543 1313 1675 1486 prosers
1690 1391 1787 1485 nisi,

246 1489 370 1556 FORT
369 1494 397 1554 Ε
405 1510 475 1579 opus
489 1489 572 1559 illud
585 1485 736 1581 odverfios
747 1486 954 1556 Rhetorioom
970 1485 1172 1579 conscriptum
1188 1483 1384 1579 inscripserat
1391 1487 1674 1581 Aristoteles,quia
1683 1493 1787 1582 Gryl-

246 1587 293 1654 lus
304 1583 346 1674 ost
360 1585 484 1656 animal
497 1636 508 1672 ,
535 1586 747 1679 magnitudine
761 1583 911 1671 cicadae,
943 1604 1065 1676 corpore
1080 1586 1239 1677 longiore,
1260 1586 1411 1676 pernicies
1427 1608 1572 1684 agrorum
1590 1585 1701 1676 (Plin.
1718 1587 1788 1661 lib.

246 1704 345 1753 xxvr.
361 1707 435 1779 cap.
446 1683 500 1768 6.)
521 1682 562 1762 ὅ
578 1684 650 1753 loinc
666 1684 853 1753 animalcula
870 1681 1019 1754 Rhetores
1033 1681 1233 1772 comparabor
1251 1680 1441 1773 Arbioteles.
1488 1683 1555 1753 Per
1567 1680 1652 1754 illud
1662 1690 1788 1778 Forte,

246 1777 353 1867 videri
370 1781 420 1850 vis
436 1803 548 1852 novae
563 1780 735 1878 opinionis
751 1777 892 1868 auctor,
917 1776 970 1849 sed
988 1775 1275 1875 Lexicographos
1292 1795 1328 1848 te
1343 1775 1511 1876 decepisse
1526 1800 1626 1876 puto.
1677 1781 1720 1855 N
1723 1807 1787 1855 am

180 1910 184 1916 ·
245 1874 347 1947 video
366 1879 401 1948 in
416 1876 594 1952 Thesauro
609 1878 722 1950 Fabri.
749 1879 851 1965 Grylli
866 1883 984 1949 nomine
996 1877 1152 1970 dialogum
1162 1873 1283 1972 seriostt
1298 1878 1499 1949 Plutarchus.
1522 1878 1580 1971 Est
1595 1879 1638 1959 &
1648 1880 1790 1974 Aristo·

246 1978 317 2045 telis
333 1976 479 2069 Gryllos,
504 1979 589 2064 cujus
603 1981 742 2048 meminit
757 1977 915 2074 Qinliil.
935 1998 991 2046 rr.
1011 1995 1065 2065 17.
1081 1973 1163 2044 hinc
1179 1973 1242 2044 Tu
1256 1973 1423 2070 arripuisti
1450 1975 1537 2046 hanc
1563 1994 1656 2047 tuam
1674 1974 1788 2075 suspi-

246 2071 396 2142 cionem.
448 2072 515 2145 Sed
531 2097 601 2145 non
618 2072 746 2143 dicitur
762 2072 809 2143 ibi
828 2094 847 2140 a
865 2071 992 2169 Gryllo
1015 2094 1076 2142 ave
1097 2071 1166 2141 hoc
1188 2071 1252 2141 else
1269 2070 1463 2143 Aristotelis
1482 2096 1570 2171 opus
1593 2077 1790 2172 cognomi-

246 2189 377 2240 natum.
393 2192 563 2267 practerea
579 2167 637 2241 sus
656 2171 731 2241 icor
744 2188 779 2241 te
795 2168 899 2240 alium
916 2169 1091 2260 secutum,
1116 2169 1194 2265 quia
1211 2169 1245 2239 in
1254 2169 1358 2240 Plinii
1374 2169 1477 2260 loco,
1494 2193 1597 2268 quem
1617 2170 1789 2263 adducis,

246 2266 333 2337 nihil
358 2264 465 2339 fimile
487 2269 530 2340 de
552 2196 679 2365 Gryslo
704 2267 885 2354 occurrit,
918 2266 955 2338 ὃ(
983 2286 1020 2338 tu
1046 2264 1137 2337 sorte
1172 2289 1350 2364 perperam
1386 2267 1553 2342 citantem
1577 2267 1790 2344 essecutus.

247 2364 346 2436 Nam
365 2365 423 2436 lib.
442 2389 540 2437 xxrx.
560 2390 633 2463 cap.
653 2375 676 2436 6
684 2424 687 2432 ,
714 2363 782 2437 srvc
800 2364 953 2453 ultimo,
986 2366 1200 2435 mentionem
1217 2366 1357 2475 quidem
1376 2367 1479 2456 Grylli
1495 2364 1604 2457 facit,
1638 2365 1692 2440 sed
1722 2367 1789 2440 de·

246 2458 388 2558 scriptio
411 2461 500 2534 illius
521 2464 611 2553 avis,
637 2486 740 2559 quam
759 2482 799 2534 tu
821 2460 986 2550 adducis,
1013 2459 1061 2532 ibi
1079 2485 1149 2533 non
1167 2461 1313 2559 legitur,
1339 2485 1404 2533 nec
1420 2464 1457 2532 in
1474 2482 1553 2537 toto
1567 2464 1703 2556 Plinio,
1726 2464 1786 2539 sed

247 2581 321 2631 eam
338 2584 382 2630 cx
402 2560 569 2656 Stephani
586 2558 767 2641 Thesauro
782 2557 1073 2658 exscriplissi.·cur
1090 2584 1161 2631 non
1177 2561 1293 2656 potius
1309 2579 1454 2658 etymon
1470 2560 1597 2634 duxisti
1616 2586 1636 2634 a
1654 2563 1791 2662 Gryllo?

245 2682 316 2751 quo
340 2658 480 2729 nomine
498 2656 635 2754 jocosae
659 2655 811 2753 pisturae
827 2681 936 2754 genus
954 2655 1152 2746 dicebatur,
1173 2656 1313 2730 auitore
1330 2657 1453 2729 eodem
1472 2660 1607 2751 Plinio,
1633 2658 1672 2732 &
1691 2661 1789 2734 unde

249 2757 497 2826 Germanicum
517 2754 555 2825 &
572 2755 754 2852 Belgicum
773 2757 915 2840 Grillen,
932 2754 968 2824 id
985 2753 1053 2844 est,
1068 2753 1180 2826 fatuae
1194 2754 1656 2855 nugae,deducuntur,quo
1676 2755 1788 2832 titulo

247 2876 345 2924 notas
361 2873 434 2925 tuas
448 2854 483 2922 in
493 2852 637 2924 Fabium
654 2849 817 2950 potuisses
832 2849 1034 2943 inscribere,
1048 2853 1126 2948 quia
1142 2851 1308 2923 abstinere
1323 2852 1365 2926 ab
1383 2855 1437 2924 ine
1464 2855 1521 2926 tiis
1536 2878 1607 2926 non
1623 2876 1742 2953 potes.
1766 2892 1768 2897 ·

298 2952 381 3049 Pag.
405 2949 483 3022 180.
498 2972 531 3019 n.
544 2971 629 3045 452.
647 2949 708 3021 ubi
727 2971 837 3020 meam
853 2970 970 3022 notam
990 2975 1007 3020 a
1024 2968 1084 3021 tua
1109 2972 1179 3020 non
1202 2948 1404 3049 distinguis,
1432 2879 1485 3023 dd
1505 2952 1542 3022 in
1565 2976 1675 3025 unum
1693 2979 1783 3028 con·

249 3047 393 3136 fundis,
417 3045 554 3135 ledor,
579 3064 615 3117 te
632 3047 668 3115 in
693 3044 810 3115 eadem
829 3067 913 3117 nota
938 3046 1079 3118 diversas
1105 3043 1281 3118 sententias
1306 3068 1559 3145 proponentem
1578 3050 1787 3145 mirabitur,

250 3147 286 3218 δι
306 3146 432 3218 variam
459 3141 557 3215 srmul
584 3141 776 3214 dodlrinam
806 3140 974 3239 stupebit,
999 3142 1184 3239 ausumque
1210 3162 1245 3214 te
1271 3143 1414 3242 obloqui
1434 3147 1514 3219 viris
1532 3146 1789 3242 eruditissimis,

278 3267 400 3314 sunum
418 3241 508 3313 sorte
523 3239 646 3339 scripta
664 3265 852 3337 numquam
870 3241 988 3340 legisti.
1043 3240 1124 3338 Ego
1141 3239 1348 3337 Amplissrmi
1367 3246 1518 3339 Bynokers
1534 3245 1656 3336 hoekii,
1681 3248 1791 3319 Prae·

251 3269 331 3413 csiclis
348 3338 519 3436 supremae
535 3339 570 3407 in
588 3337 772 3409 Hollandia
789 3339 923 3428 curiae,
949 3337 1148 3410 sententiam
1168 3338 1401 3428 laudaveram,
1426 3365 1493 3438 qua
1507 3343 1788 3418 aRomanorum

146 3494 149 3503 .
252 3437 385 3536 legibus
404 3456 597 3508 removerat
614 3434 786 3508 saevitiam
804 3436 894 3507 illam
911 3435 1042 3507 secandi
1059 3439 1213 3532 corporis
1228 3436 1516 3536 debitorun'nqui
1533 3438 1697 3514 solvendo
1713 3467 1788 3516 non

253 3556 356 3608 erant.
409 3535 470 3605 Tu
489 3531 638 3629 quaeso,
666 3535 726 3631 qui
745 3532 810 3604 sem
840 3557 876 3604 cr
889 3533 1059 3605 oblatrare
1081 3531 1193 3624 soles,
1219 3559 1289 3631 quo
1307 3556 1589 3631 argumentorum
1609 3539 1789 3636 pondere,

254 3660 321 3731 qua
346 3633 547 3703 aarsloritatc
572 3629 728 3702 refutas?
754 3558 837 3703 Aah
856 3631 1018 3703 Gellii&
1033 3632 1271 3722 Tertulliani,
1296 3656 1381 3727 quos
1408 3657 1511 3705 nemo
1537 3659 1607 3706 non
1632 3639 1669 3708 in
1694 3638 1788 3712 hanc

255 3757 326 3804 rem
343 3731 466 3799 adtulit
481 3727 586 3816 olim,
610 3751 720 3824 neque
734 3731 929 3828 neglexerat
947 3730 1014 3800 Vir
1029 3727 1274 3824 amplissimus,
1301 3729 1353 3798 scd
1371 3727 1651 3828 &explicaverat
1668 3734 1787 3808 erudi·

255 3828 389 3901 tisiime.
440 3824 560 3917 Qtare
583 3826 717 3913 etiam,
744 3824 850 3900 fitibi
877 3828 974 3897 aliter
997 3825 1194 3897 viderentur
1208 3849 1328 3897 corum
1346 3826 1422 3898 loca
1437 3829 1660 3927 explicanda,
1688 3836 1790 3906 novis

256 3924 445 3999 rationibus
467 3923 628 3996 debueras
653 3924 790 3994 asserere
815 3947 1038 3995 communem
1062 3925 1291 4020 opinionem3
1324 3923 1377 3995 scd
1399 3926 1545 4000 refutare
1568 3953 1693 4002 novam
1718 3930 1788 4006 tibi

257 4024 362 4097 visam
388 4022 614 4111 sententiam,
640 4020 677 4093 &
694 4043 827 4117 praeter
842 4023 919 4096 loca
943 4021 1121 4094 decantata
1144 4046 1335 4119 eorumque
1353 4021 1444 4095 nuda
1466 4023 1596 4118 verba,
1623 4051 1709 4126 quae
1726 4052 1790 4104 ex·

259 4122 349 4194 cussa
360 4126 430 4217 jam
449 4121 555 4212 sunt,
579 4119 667 4191 nihil
688 4118 844 4210 adferre,
870 4119 991 4192 deinde
1015 4119 1207 4192 obn-estare
1228 4122 1374 4289 egrefflis
1393 4119 1427 4192 ἃ
1447 4123 1661 4222 principibus
1687 4126 1792 4220 viris,

261 4221 298 4291 bc
320 4219 459 4316 vulgata
483 4242 525 4288 ex
545 4218 783 4314 praejudicatis
808 4220 1031 4316 opinionibus
1054 4244 1088 4291 ar
1117 4237 1281 4310 umenta,
1361 4242 1548 4317 numquam
1572 4221 1614 4294 ad
1638 4245 1790 4298 examen

260 4339 448 4407 revocata,
473 4317 624 4412 objicere
649 4316 741 4404 illis,
767 4319 826 4413 qui
852 4317 1053 4391 inveteratas
1077 4242 1255 4389 {orentius
1271 4315 1491 4412 explodunt,
1516 4317 1566 4392 est
1582 4321 1793 4419 pertinaciae

260 4412 505 4488 indoitilsnnae
521 4413 741 4484 certissrmum
757 4437 1012 4514 argumentum.
1181 4483 1185 4491 .

310 4511 378 4585 Sed
394 4533 437 4580 ne
451 4507 527 4580 solis
542 4510 633 4606 apud
649 4535 711 4591 nos
729 4513 808 4582 viris
826 4514 1010 4586 illustribus
1027 4512 1063 4585 ὃ(
1081 4511 1255 4586 dostrinae
1272 4509 1370 4584 laude
1387 4511 1591 4586 florentibus
1614 4513 1791 4590 obtreila·

230 4618 231 4621 ’
261 4634 297 4681 re
312 4607 553 4694 videaris,non
570 4610 678 4704 parcis
695 4608 916 4705 popularibus
932 4613 1035 4681 ctiam
1054 4609 1176 4682 samam
1196 4609 1371 4709 pristinam
1392 4609 1594 4686 cruditionis
1611 4612 1794 4689 vindican-

260 4709 364 4783 tibus.
392 4706 489 4783 Nam
505 4704 547 4778 ad
562 4704 621 4784 lib.
638 4729 716 4783 vur.
730 4728 805 4804 cap.
821 4728 854 4802 5.
872 4709 908 4782 in
926 4704 987 4783 fin.
1002 4729 1180 4804 exponens
1205 4705 1363 4784 usitatam
1380 4708 1417 4783 dt
1436 4708 1522 4783 nulli
1536 4710 1794 4823 lexicographo

1687 4831 1795 4908 rgno-
