4058 5558
235 325 289 408 9²
458 290 508 391 Ρ.
571 279 1059 395 RURMANNI
1126 282 1567 372 EPISTOLA

238 470 330 519 men.
347 444 415 523 sed
424 443 557 547 insigne
573 444 721 544 stuporis
736 461 981 541 argumentum
997 441 1054 515 das
1070 465 1147 542 pag.
1157 464 1202 541 43
1212 467 1225 517 1
1235 469 1284 516 .n.
1297 468 1352 540 59.
1366 443 1426 518 ubi
1444 447 1480 519 in
1496 469 1565 519 una
1580 446 1768 548 eademque
1796 474 1800 481 ·

238 542 350 644 Regii
367 566 470 638 nota,
494 570 584 639 cum,
593 569 661 645 ego
677 549 837 641 pag.616
843 540 929 615 ‚Ed
944 566 991 613 m.
1007 540 1203 635 edidissem,
1228 544 1288 639 leg.
1308 567 1338 635 3.
1347 541 1393 637 ff.
1408 546 1537 638 depcrit
1552 549 1609 644 leg.
1626 545 1664 620 ὃ(
1678 552 1769 638 Lod.

230 642 279 716 ide
299 650 341 716 V.
359 651 393 717 S.
415 663 456 721 tu
506 644 590 717 riori
613 646 694 715 loco
721 639 891 713 retinuisti
913 641 971 736 leg.
988 637 1044 712 sed
1069 639 1196 712 ultimo
1220 644 1301 738 quia
1319 645 1341 712 i.
1360 660 1459 733 erat,
1483 642 1617 718 edidisti
1637 646 1695 718 lib.
1709 653 1769 730 96.

238 742 359 839 postea
371 743 445 818 vidi
463 669 555 814 iclem
571 741 636 813 tibi
653 737 810 812 accidisse
826 761 904 837 pag.
924 748 1004 825 165.
1023 762 1056 809 n.
1078 748 1157 835 136.
1176 737 1236 810 ubi
1254 740 1290 811 in
1312 761 1389 810 mea
1414 760 1497 812 nota
1518 741 1589 813 edis
1608 744 1661 816 lib.
1682 766 1716 814 2.
1723 740 1771 836 ff.

240 841 278 913 dr
293 840 361 936 Off.
372 850 512 914 Praetor.
527 843 562 911 in
584 858 645 911 tua
662 843 719 933 leg.
741 860 768 907 t.
787 835 830 932 ff.
848 839 886 910 dr
901 841 934 908 irr
954 836 1036 908 diem
1054 837 1171 908 addan.
1187 835 1224 907 ὅ(
1243 839 1302 933 leg.
1321 861 1351 930 3.
1359 835 1404 932 ff.
1421 838 1532 934 quibus
1548 846 1584 911 in
1600 845 1690 936 Pigra
1715 839 1773 912 sed

240 937 399 1036 relinquo
415 939 511 1010 haec.
535 938 597 1014 Ne
613 959 695 1010 vero
714 935 802 1007 hanc
820 936 1050 1037 ignorantiam
1067 935 1166 1007 nobis
1183 933 1373 1008 adscribant
1390 934 1533 1010 lodores
1550 956 1629 1010 tuae
1644 938 1774 1012 editio-

109 1089 116 1114 .
227 1058 323 1128 .nrs,
348 1036 493 1128 cavisti,
519 1035 577 1134 qui
595 1037 633 1107 in
646 1054 706 1109 tua
719 1034 823 1106 etiam
839 1054 922 1107 nota
939 1029 1008 1130 ipse
1020 1030 1136 1105 scribis
1153 1057 1188 1130 p.
1204 1056 1283 1128 177.
1299 1057 1333 1106 n.
1354 1054 1433 1132 373.
1449 1037 1504 1106 lib.
1526 1059 1556 1129 3.
1572 1044 1601 1120 i.
1618 1058 1651 1132 5.
1659 1036 1704 1132 ff.
1725 1042 1778 1110 cri

260 1159 277 1206 o
312 1136 389 1208 detis
460 1160 499 1209 to
514 1139 572 1208 ic.

235 1134 378 1305 pffiNec
392 1160 519 1306 lnpsolis
531 1160 616 1331 jlnis
633 1229 804 1304 librorum
819 1229 1041 1304 citationibus
1058 1248 1093 1304 te
1108 1227 1147 1300 ὃ(
1163 1253 1225 1302 nos
1243 1228 1391 1302 ridiculo
1406 1231 1572 1327 exponis,
1585 1230 1659 1321 sed,
1679 1235 1777 1332 quod

243 1353 301 1403 ma
329 1332 354 1404 is
367 1328 470 1404 risum
487 1331 639 1403 excitare
653 1326 780 1426 poffit,
802 1328 838 1400 in
853 1328 924 1402 aliis
943 1328 1046 1400 etiam
1063 1329 1156 1401 notis
1169 1325 1357 1400 verborum
1374 1348 1433 1401 aut
1447 1353 1673 1404 numerorum
1687 1357 1775 1407 con·

246 1353 373 1502 trabis.
422 1428 503 1529 Ego
528 1445 622 1502 certe
644 1429 740 1524 saepe
763 1427 940 1499 remittens
966 1425 1128 1500 lectorem
1149 1424 1190 1498 ad
1216 1425 1299 1498 alios
1314 1423 1522 1523 scriptores,
1547 1429 1607 1527 qui
1630 1432 1777 1529 amplius

243 1546 409 1626 egerunt,
421 1527 463 1599 de
476 1552 515 1600 ea
530 1550 566 1600 re
582 1550 668 1624 quae
684 1524 731 1596 ell
748 1523 807 1596 sub
824 1547 944 1605 manu,
955 1543 1035 1596 utor
1048 1523 1264 1621 literav.pro
1281 1524 1776 1624 uide,quaealiquandoetiam

119 1652 125 1659 ·
244 1625 390 1722 ponitur
405 1650 470 1724 pro
488 1647 632 1698 numero
648 1622 816 1721 quinario.
865 1625 949 1720 Pag.
965 1624 1050 1715 718.
1067 1621 1162 1695 Edit.
1182 1645 1276 1694 meae
1290 1620 1430 1719 legitur.
1460 1627 1701 1798 liorrrarrorrcml]u
1714 1653 1778 1703 non

241 1723 334 1817 estin
344 1728 505 1812 Cicerone,
526 1749 565 1794 ex
579 1722 665 1815 cujus
683 1725 724 1790 V.
734 1721 830 1794 Verr.
845 1744 904 1817 45.
919 1719 995 1791 baec
1011 1718 1162 1806 desrcmta.
1213 1721 1276 1792 Tu
1291 1739 1464 1830 pag.505.
1479 1745 1601 1795 mitt.
1619 1748 1664 1798 ex
1702 1726 1775 1820 bes,

240 1844 281 1893 ex
302 1820 475 1915 cujcsVid.
489 1825 577 1895 Vcrr.
597 1841 657 1912 45.
677 1817 755 1890 haec
768 1817 921 1914 desicmra.
971 1814 1139 1891 Nesciens
1155 1815 1246 1890 sorte
1267 1840 1421 1914 quinque
1439 1820 1598 1894 Verrinas
1619 1821 1685 1897 elle
1702 1849 1779 1897 ora·

240 1918 365 1994 tiones.
413 1917 577 2011 Quantus
591 1939 675 1991 vero
695 1913 817 1990 debuit
839 1914 904 1988 else
918 1931 999 1988 tuus
1014 1913 1159 2013 slupor,
1183 1934 1224 1987 ut
1241 1937 1307 1987 nec
1326 1914 1397 2085 ipsa
1408 1912 1517 1990 sensus
1537 1917 1723 1995 absurditas
1740 1923 1780 1996 δε

243 2016 390 2108 vitium,
414 2037 511 2089 tuam
527 2040 546 2088 a
561 2011 740 2115 prurigine
759 2037 834 2085 mea
846 2012 1061 2086 deformandi
1084 2037 1223 2085 manum
1245 2033 1334 2086 retra
1361 2037 1417 2084 ere
1437 2019 1602 2112 potuerit.
1651 2018 1779 2113 Qtan·

130 2196 134 2210 ¹
245 2131 301 2187 tos
317 2138 389 2186 non
406 2111 538 2187 risus&
554 2112 741 2187 cachinnos
760 2111 886 2185 tollent
905 2109 1081 2208 Belgae&
1098 2111 1286 2203 Germani,
1312 2111 1372 2185 ubi
1389 2113 1468 2204 Te,
1493 2137 1597 2210 quem
1615 2117 1782 2194 omnibus

243 2211 529 2285 ostentantnunc
544 2208 704 2300 Galluli,
728 2229 769 2282 ut
783 2229 1028 2308 argumentum
1052 2208 1090 2282 &
1107 2212 1234 2309 pignus
1257 2209 1412 2281 nondum
1435 2211 1535 2307 plane
1558 2218 1781 2311 pereuntium

242 2311 278 2383 in
302 2310 446 2383 Francia
466 2309 641 2382 literarum
659 2307 898 2407 elegantium,
930 2326 1002 2378 tam
1027 2311 1175 2405 turpiter
1200 2327 1236 2380 te
1257 2306 1384 2380 dedisse
1405 2307 1553 2478 legent?
1586 2310 1691 2409 Qaae
1707 2339 1783 2390 non

245 2407 336 2482 disla
353 2408 390 2479 &
402 2411 504 2505 jocos
525 2410 562 2480 in
578 2427 614 2479 te
627 2406 753 2480 vibrati
774 2404 871 2479 brevi
886 2402 1036 2495 videbis,
1062 2403 1085 2476 ὁ
1103 2404 1394 2504 Cappetonneri?
1454 2407 1529 2480 olus
1548 2406 1641 2503 sorte
1656 2430 1692 2484 te
1710 2411 1784 2486 stu·

243 2506 339 2605 poris
351 2504 387 2577 &
403 2504 613 2580 incredibilis
629 2503 845 2603 ignotantiae
863 2499 1014 2576 absolvet
1032 2498 1181 2577 summus
1201 2503 1331 2577 amicus
1349 2503 1386 2577 ἃ
1400 2505 1577 2614 popularis
1597 2527 1679 2603 tuus
1694 2510 1782 2586 Gal·

243 2604 397 2676 lulorum
417 2606 577 2704 princeps
603 2601 641 2675 &
664 2620 857 2701 patronus,
882 2596 920 2672 &
946 2598 1094 2674 didator
1117 2601 1264 2698 reipubl.
1289 2601 1654 2696 sacramencum,
1679 2614 1780 2708 cujus

244 2703 282 2774 in
297 2702 442 2800 gratiam
460 2703 563 2774 etiam
580 2719 699 2772 notam
716 2723 827 2772 meant
843 2697 1102 2789 adulterasti,&
1117 2723 1200 2771 cum
1215 2723 1283 2800 ego
1302 2722 1381 2772 eum
1400 2698 1508 2802 digno
1525 2701 1664 2802 elogio,
1671 2706 1779 2801 flcprr

243 2802 295 2872 ille
313 2803 448 2894 Clerici,
462 2797 655 2888 ornaffem,
681 2817 720 2871 tu
739 2798 828 2870 hanc
846 2794 909 2895 ipfi
924 2821 1006 2894 prae
1024 2818 1059 2870 te
1075 2797 1230 2869 invidens
1245 2799 1422 2897 gloriam,
1448 2822 1527 2910 pag.
1544 2810 1629 2898 ⁶03·
1643 2827 1677 2876 n.
1696 2808 1771 2901 283.

246 2914 382 2970 tantum
409 2902 551 2972 Clericus
575 2897 645 2996 legi
671 2895 821 2969 voluisti.
872 2893 947 2989 Qti
974 2898 1076 2968 etiam
1103 2896 1139 2967 in
1164 2893 1255 2968 illius
1280 2894 1318 2966 &
1345 2893 1594 2988 esurientium,
1629 2923 1771 2998 quotum

246 3018 372 3093 magna
390 2995 482 3093 apud
506 3019 567 3068 nos
584 2998 663 3083 vis,
687 2992 911 3067 Gallulorum
936 2996 1067 3091 gratiae
1088 2990 1109 3064 s
1126 3017 1211 3085 em,
1238 2993 1395 3065 ultimam
1413 3018 1510 3068 meae
1525 3017 1629 3070 notae
1690 3019 1776 3073 ttcm

247 3093 289 3167 ad
304 3093 364 3167 lib.
383 3118 423 3166 ιι.
448 3117 523 3188 cap.
539 3116 599 3164 xx.
624 3111 702 3258 pag.
719 3113 766 3162 m.
785 3110 870 3161 202.
896 3109 974 3160 tuae
998 3115 1080 3163 vero
1159 3093 1194 3161 't.
1219 3113 1299 3188 ¹35·
1319 3115 1353 3163 n.
1369 3100 1404 3165 6.
1427 3092 1567 3194 ejecisti.
1619 3096 1633 3168 l
1651 3099 1781 3170 levero

246 3191 463 3265 eruditorum
480 3189 640 3264 Phoenix
677 3209 760 3285 cepe
784 3187 820 3257 in
845 3180 897 3258 his
920 3182 1135 3260 literatorum
1163 3188 1255 3260 notis
1279 3186 1450 3282 haerens,
1482 3215 1545 3265 nec
1568 3187 1600 3266 se
1616 3193 1783 3294 expedire

248 3289 363 3363 statim
383 3287 537 3381 callens,
561 3284 723 3359 iracunde
742 3282 873 3382 semper
896 3284 934 3357 in
957 3306 1134 3384 amputata
1158 3285 1215 3357 ill-a
1236 3287 1337 3360 verba
1359 3286 1477 3361 invehi
1493 3287 1609 3384 solet,
1635 3310 1678 3365 ut
1696 3318 1783 3391 quae

250 3387 379 3461 caussae
392 3387 487 3461 suere
503 3388 527 3479 ,'
541 3409 604 3458 cut
618 3387 724 3475 April.
745 3382 887 3482 legens,
913 3381 1068 3457 nescierit
1088 3408 1130 3455 an
1150 3384 1352 3477 Apollodorus
1370 3409 1413 3457 an
1429 3391 1610 3481 Apollonius
1624 3388 1711 3485 'esset
1731 3393 1783 3463 in·

244 3485 478 3586 redigendus,
505 3484 541 3558 ὅ(
557 3482 637 3556 ideo
655 3479 706 3554 bis
719 3482 790 3580 jam
808 3482 1029 3574 Apollodorum
1047 3484 1082 3555 in
1100 3482 1287 3555 Poetarum
1311 3479 1444 3555 classem
1471 3486 1600 3559 retulit.
1652 3488 1784 3588 Neque

253 3587 358 3658 etiam
381 3583 442 3657 sub
461 3587 546 3657 Plus.
573 3579 633 3654 illo
662 3577 809 3657 terribili
827 3579 1036 3654 Plutarchum
1050 3582 1164 3683 latere¹
1176 3603 1343 3681 umquam
1359 3577 1535 3674 scivisset,
1559 3582 1622 3657 nifi
1639 3588 1786 3663 abami-

252 3709 297 3755 co
312 3680 420 3755 dotto
438 3681 590 3754 monitus
609 3676 733 3751 fuisset.
1350 3756 1352 3763 ,
1519 3740 1528 3753 .,
1582 3744 1588 3757 ,
1660 3742 1665 3751 .

310 3781 497 3854 Mitterem
507 3781 580 3877 jam
596 3797 654 3867 te,
679 3774 716 3847 &
733 3775 946 3876 ignorantiae
964 3794 1020 3849 tot
1038 3775 1137 3848 oditis
1153 3773 1394 3878 speciminibus
1412 3772 1624 3893 reliquorum
1636 3788 1785 3885 gratiam

253 3877 402 3953 facerem
426 3884 524 3970 (nam
551 3872 698 3947 miserari
723 3893 759 3946 te
781 3875 850 3946 inci
879 3875 933 3957 io)
949 3871 1012 3946 nisa
1034 3873 1193 3972 publicae
1219 3875 1267 3949 rei
1289 3876 1464 3952 literarum
1487 3874 1643 3961 interesse
1664 3888 1785 3960 crede-

253 4000 327 4050 rem
344 4027 355 4067 ,
380 3974 482 4049 semel
497 3971 675 4048 ostendere
692 4019 705 4059 ,
729 3996 831 4069 quant
849 3899 959 4045 severa
975 3972 1052 4069 lege
1064 3971 1251 4071 profeceris
1268 4022 1281 4065 ,
1307 3975 1367 4074 qui
1383 3996 1482 4059 tanta
1492 3964 1576 4053 cum
1592 3966 1725 4082 pon'apa
1740 3964 1786 4059 il.

253 4074 348 4148 lustri
367 4071 512 4147 Praesoli
529 4072 558 4146 F
559 4068 783 4164 oro-Julienfi
812 4087 847 4143 te
864 4068 995 4169 josias,
1027 4069 1065 4144 dt
1080 4095 1119 4145 ea
1141 4070 1360 4165 proditurum
1382 4074 1569 4175 magnifice
1592 4081 1786 4176 polliceris,

253 4197 340 4270 quae
356 4175 525 4268 Scaligeri,
551 4171 691 4260 Bcdaci,
716 4170 873 4261 Mureti,
895 4167 1072 4264 Castraboni
1088 4222 1102 4261 ,
1126 4171 1266 4245 Viiicrii
1282 4170 1320 4242 ἃ
1334 4169 1552 4270 nescioqui,
1577 4174 1632 4250 vel
1649 4180 1788 4280 ignora·

255 4290 357 4359 tunt,
381 4270 436 4344 vel
455 4270 570 4343 obiter
586 4266 842 4369 tetigerunt,&
859 4287 893 4341 te
907 4269 974 4341 toti
993 4267 1070 4340 orbi
1086 4268 1223 4341 literato
1239 4266 1646 4359 ostensurum,1ationem
1657 4329 1675 4370 ,1
1683 4304 1789 4378 quam

256 4391 321 4441 nec
340 4385 629 4442 commentatores
646 4370 682 4439 in
695 4365 806 4442 Usum
824 4364 998 4463 Delphini
1015 4414 1028 4456 ,
1060 4389 1124 4438 nec
1139 4366 1199 4462 qui
1215 4388 1297 4439 cum
1313 4368 1487 4465 variorum
1501 4372 1593 4457 notis
1606 4373 1791 4467 ¹ediderunt

256 4465 411 4540 audentes
426 4516 439 4558 ,
452 4466 456 4476 '
470 4490 533 4537 nec
551 4464 768 4539 Burmannus
783 4463 958 4538 instituere
974 4487 1140 4560 umquam
1155 4463 1361 4538 didicerunt.
1412 4464 1641 4547 Thrasonic'a
1662 4474 1734 4550 illas
1753 4479 1790 4551 &

257 4564 367 4640 fatuas
382 4562 431 4637 sui
445 4560 638 4636 ostentandi
655 4562 692 4635 &
707 4561 905 4637 venditandi
920 4585 1023 4635 voces
1039 4564 1100 4657 qui
1115 4557 1254 4637 sufferre
1271 4565 1421 4662 poterit,
1446 4568 1540 4671 legat
1557 4570 1634 4664 ille,
1644 4573 1790 4686 quaeso,

258 4665 346 4740 hanc
362 4660 405 4738 ad
421 4680 458 4738 te
482 4660 599 4741 aaran
615 4685 636 4734 a
652 4683 709 4734 me
727 4656 934 4756 epistolam,
961 4658 999 4734 δι
1023 4657 1125 4733 simul
1148 4658 1211 4736 sub
1234 4659 1327 4765 fastu·
1344 4663 1435 4759 illo,
1466 4689 1570 4773 quern
1596 4691 1700 4748 toues
1716 4678 1792 4751 Cle·

1743 4781 1793 4848 ri·
