4058 5558
235 290 287 399 76
476 285 521 371 P.
568 280 1049 370 BURMANNI
1092 279 1537 374 larisToLn

234 439 393 535 ignorare
419 460 616 535 cogemur,
643 459 705 530 per
728 453 829 523 tuum
855 432 941 505 illud
965 432 1136 524 silentium
1164 436 1235 527 δε,
1272 439 1308 509 in
1336 458 1405 512 tam
1431 432 1643 511 momentosa
1663 454 1782 530 nota-,-

238 538 377 608 chartae
398 537 657 634 parcimoniam.
710 531 778 606 Sed
802 531 953 628 abripior
977 552 1033 604 tot
1048 536 1266 632 egregiarum
1290 556 1449 609 notarum
1473 534 1699 626 recensione,
1724 558 1781 607 cx.

238 634 363 730 quibus
390 634 415 707 sr
440 660 501 706 nos
527 631 652 726 stupidi
672 631 707 699 ἃ
726 631 864 700 hebetes
882 631 1002 701 Batavi
1028 630 1184 703 nondum
1202 633 1300 705 Fabii
1324 656 1474 706 mentem
1503 636 1679 732 percipere
1704 658 1773 731 po·

239 735 409 822 terimus,
434 733 483 802 est
502 729 595 826 quod
613 730 720 801 crasso
737 726 963 799 adscribamus
980 728 1110 820 coelo,
1140 730 1234 827 quod
1254 731 1352 804 nobis
1372 733 1565 820 incumbit,
1591 733 1643 803 scd
1662 751 1774 802 aeter·

238 855 296 901 nas
311 832 374 903 tibi
392 831 515 929 gratias
533 826 708 898 debebunt
725 823 840 898 subtili
857 826 917 896 illo
933 827 1079 897 &tenui
1098 827 1158 900 sub
1177 832 1252 901 aere
1272 830 1573 903 virentesGalluli
1592 878 1604 914 ,
1628 831 1686 926 qui
1705 846 1790 900 tuo--

238 930 378 1027 ingenio
397 929 538 1003 statuam
553 944 708 1023 ponent,
735 925 772 995 ὅ(
789 925 879 995 inter
901 947 1020 995 omnes
1039 926 1073 995 in
1093 925 1200 997 Usum
1218 927 1390 1024 Delphini
1414 947 1703 1000 commentatores
1721 921 1776 998 sa·

238 1029 368 1097 miliam
389 1044 422 1094 te
440 1024 566 1105 ducere
588 1021 733 1093 memori
757 1042 872 1092 mente
897 1021 1152 1117 praedicabunt.
1205 1024 1392 1120 Supersunt
1412 1027 1540 1116 multa,
1565 1024 1619 1098 sed
1641 1026 1782 1096 exhau-

239 1128 306 1196 rire
334 1124 531 1211 horreum,
567 1121 604 1191 ἃ
629 1118 762 1190 satiatos
787 1140 842 1190 tot
869 1117 1005 1190 ferculis
1031 1119 1201 1211 lestores,
1229 1146 1270 1193 ne
1296 1123 1413 1221 postea
1439 1145 1509 1198 tam
1540 1124 1646 1197 lautas
1670 1123 1797 1220 dapes·

239 1221 430 1311 fastidiant,
456 1219 499 1291 ad
517 1218 655 1290 bellaria
667 1218 796 1314 reliqua
811 1216 875 1289 else
892 1218 1086 1290 invitandos
1102 1218 1285 1294 existimo..

884 1490 1036 1582 Car.
1077 1493 1140 1590 X.
1195 1596 1204 1613 ,

312 1718 392 1818 De
412 1718 521 1819 aroris
542 1715 790 1841 inutilibus,
845 1717 1077 1855 &casola
1099 1717 1365 1825 obtrectandi
1385 1722 1438 1833 da
1458 1719 1723 1860 obloquendi?

838 1852 1016 1957 libidine
1036 1857 1176 1958 aratis..

267 2178 272 2185 -
327 2122 528 2198 ‘Ertillimus
547 2123 631 2195 mihi
644 2121 835 2218 Pedanrismi
845 2129 847 2132 ’
859 2124 969 2218 (venia
985 2122 1028 2196 fit
1041 2121 1141 2195 semel
1159 2123 1265 2196 verbo
1283 2124 1388 2213 huic,
1406 2148 1476 2221 quo
1501 2125 1718 2216 intuinrta,
1743 2127 1787 2200 id

334 2222 400 2314 est,
415 2224 592 2295 characiere
613 2222 742 2318 ingenii
758 2224 809 2293 uti
826 2224 957 2318 cogor)
986 2220 1022 2293 ὅ(
1040 2222 1270 2295 scholasticae
1287 2225 1500 2320 arrogantiae
1516 2221 1691 2295 charadler
1712 2227 1800 2297 esse

241 2322 407 2410 ridetur,
434 2318 565 2413 semper
588 2317 777 2391 oblatrandi
796 2319 932 2390 alterius
954 2317 1087 2416 scriptis
1111 2320 1219 2391 libido
1247 2321 1287 2391 ὃς
1306 2322 1461 2417 prurigo.
1510 2321 1611 2413 Quae
1631 2321 1666 2390 in
1686 2341 1722 2393 te
1744 2323 1787 2397 &

243 2419 344 2490 editis
369 2418 403 2489 in
427 2416 573 2488 Fabium
599 2417 689 2489 notis
711 2437 783 2488 tam
800 2414 977 2487 manifeste
992 2416 1120 2513 ubique
1132 2417 1273 2508 clucet,
1300 2437 1339 2489 ut
1357 2417 1451 2489 hunc
1467 2440 1575 2488 unum
1591 2416 1719 2490 laboris
1736 2446 1784 2492 o·

243 2515 332 2587 mnis
349 2514 453 2587 finem
470 2514 535 2585 else
552 2539 623 2586 non
638 2512 848 2605 dissimules,
874 2537 938 2585 nec
961 2536 1016 2584 me
1032 2512 1068 2585 ὅ(
1084 2539 1159 2586 mea
1184 2514 1208 2587 fi
1230 2539 1317 2612 quae
1339 2514 1435 2606 sunt,
1460 2515 1495 2586 in
1513 2514 1644 2612 rempb.
1661 2515 1784 2590 litera·-

244 2638 344 2702 rum,
371 2615 492 2685 merita
507 2611 718 2686 detreelandi
736 2612 840 2684 ullam
859 2612 1072 2685 occasionem
1089 2614 1235 2700 amittas.
1284 2613 1398 2685 Facile
1418 2633 1557 2710 paterer
1579 2635 1634 2683 me
1658 2614 1695 2684 in
1724 2640 1784 2687 or·

243 2711 361 2781 dinem
376 2712 480 2809 cogi,
504 2713 686 2806 praecipue
703 2733 783 2780 cum
801 2713 988 2806 Scaligerir‘,
1016 2712 1179 2801 Budaeis,
1196 2711 1356 2800 Muretis,
1374 2711 1582 2804 Casaubonis,
1604 2733 1645 2781 nc
1662 2710 1797 2785 dicam.

242 2807 342 2879 Fabii
360 2805 589 2904 peculiaribus
609 2806 876 2904 interpretibus,
903 2827 1129 2905 aggregatum
1151 2833 1207 2878 me
1221 2808 1354 2879 videam
1374 2840 1386 2894 3
1412 2807 1464 2879 sed
1485 2831 1565 2879 cum
1589 2832 1785 2905 numquam

243 2907 256 2976 i
283 2903 314 2974 se
332 2905 417 2976 mihi
435 2925 571 2976 tantum
589 2903 783 2995 sumserim,
799 2926 860 2996 ut,
886 2904 967 2978 licet
988 2902 1140 2975 modeste
1157 2905 1215 2976 hic
1239 2904 1276 2976 δε
1293 2905 1363 2976 illic
1387 2929 1516 2977 errores
1533 2904 1697 3001 quosdam
1717 2909 1785 2982 do·

244 2931 382 3074 ssorum
401 2998 706 3097 reprehenderim,
733 3021 850 3073 totum
868 3002 995 3074 librum
1013 3000 1285 3091 conscriberem,
1309 3026 1381 3098 quo
1405 3001 1550 3075 infamia·
1562 3002 1715 3100 aliquem
1742 3032 1782 3081 u·

246 3123 358 3188 num,
384 3100 444 3196 qui
469 3098 632 3169 inliteris
657 3119 784 3168 nomen
802 3096 839 3167 ὃς
857 3096 1118 3193 decus-aliquod
1140 3099 1304 3194 gesserit,
1327 3123 1502 3172 onerarem
1528 3099 1781 3177 &obruerem
1838 3141 1844 3153 ·

246 3199 295 3268 ita
310 3220 373 3266 nec
392 3195 606 3268 tolerandum
625 3214 737 3291 puto,
759 3194 932 3266 novitium
950 3192 1134 3289 quemdam
1151 3194 1396 3293 paedagogum
1421 3195 1563 3269 ferulam
1584 3217 1643 3270 aut
1667 3203 1793 3294 mihi,

247 3313 307 3365 aut
322 3293 414 3381 aliis,
436 3318 523 3388 quos
539 3292 637 3365 laude
652 3291 778 3388 dignos
794 3291 920 3381 credo,
946 3293 1123 3364 intentare.
1156 3290 1275 3384 Qiare
1293 3292 1362 3364 hoc
1383 3296 1496 3390 capite
1514 3295 1591 3366 loca
1609 3298 1780 3390 quaedam

248 3389 419 3462 recensere
444 3389 581 3461 decrevi
608 3439 634 3478 ,0
655 3413 740 3486 quae
764 3413 807 3460 ex
834 3389 902 3461 sola
928 3390 992 3460 lnc
1016 3388 1158 3460 libidine
1180 3414 1237 3460 car
1262 3389 1341 3462 endi
1364 3389 1401 3461 &
1424 3391 1633 3464 detreslandi
1650 3395 1798 3488 aliena,
1854 3470 1858 3477 ,

248 3489 314 3561 tibi
329 3507 423 3561 natas
439 3487 655 3559 exhibebunt
670 3487 917 3559 adnotationes.
959 3487 1050 3558 Non
1068 3485 1221 3584 fatigabo
1236 3415 1379 3562 littores
1390 3489 1623 3562 enumerando
1641 3493 1784 3568 infinita

248 3587 355 3671 loca,
381 3585 505 3682 quibus
528 3588 611 3657 meis
638 3585 728 3657 notis
752 3585 816 3656 tria
837 3585 892 3658 vel
909 3605 1058 3681 quatuor
1073 3582 1170 3682 saepe
1185 3584 1290 3659 verba
1306 3610 1352 3683 ap
1377 3583 1518 3677 osuisti,
1545 3587 1599 3659 vel
1615 3593 1783 3687 carpendi

250 3684 288 3754 &
305 3683 478 3755 refellendi
495 3684 630 3772 caussa,
658 3706 741 3754 cum
760 3703 877 3754 tamen
897 3705 961 3753 nec
977 3703 1196 3780 argumenta,
1216 3706 1279 3754 nec
1296 3610 1454 3775 codices,
1481 3707 1544 3755 nec
1560 3689 1718 3784 exempla
1736 3714 1782 3764 ex

249 3780 321 3853 aliis
337 3778 561 3878 scriptoribus
583 3778 759 3866 adducas,
789 3779 913 3875 quibus
934 3777 1134 3850 sententiam
1160 3799 1255 3852 tuam
1280 3779 1422 3873 firmes,
1447 3781 1484 3852 &
1501 3832 1521 3872 ,-
1540 3782 1622 3855 licet
1649 3808 1685 3856 rc
1703 3810 1786 3861 vera

252 3903 309 3950 me
322 3877 493 3976 sequaris,
518 3875 555 3949 ὅς
570 3875 824 3949 emendationes
839 3878 941 3947 etiam
965 3899 1054 3949 meas
1075 3878 1245 3975 exprimas
1267 3879 1303 3950 in
1319 3897 1445 3965 testu,
1471 3899 1585 3952 tamen
1599 3880 1709 3953 videri
1729 3888 1783 3958 vis

245 3994 289 4048 te
307 3975 397 4072 sequi
411 3976 578 4048 editiones
593 3992 651 4047 aut
659 3973 848 4071 Stephani,
863 3973 1131 4067 autVascosani,
1146 3995 1206 4046 aut
1221 3975 1379 4065 codices,
1404 4000 1554 4072 quorum
1567 3981 1749 4053 varietates
1765 4009 1795 4056 a¹

251 4097 309 4145 me
325 4073 396 4145 solo
413 4073 584 4165 didicisti,
610 4095 675 4145 nec
692 4091 806 4143 tamen
822 4072 971 4171 dignaris
988 4097 1042 4144 me
1058 4076 1234 4145 nominare
1251 4107 1263 4160 3
1290 4074 1361 4147 hoc
1380 4075 1472 4145 enim
1494 4077 1530 4146 in
1547 4074 1710 4150 beneficii
1727 4080 1783 4152 lo·

252 4190 457 4267 cerepum,
482 4173 563 4269 quia
576 4172 706 4244 multae
715 4172 789 4268 jam
808 4172 895 4242 milri
913 4171 1167 4243 emendationes
1185 4169 1353 4269 suspeslae
1368 4171 1434 4243 elle
1451 4170 1488 4244 &
1506 4172 1683 4271 displicere
1697 4202 1784 4251 coe·

252 4289 407 4367 perunt,
432 4293 475 4341 ex
503 4292 573 4365 quo
596 4290 698 4343 tuum
723 4269 895 4341 calculum
920 4269 1109 4343 tulerunt?
1134 4292 1244 4365 neque
1276 4270 1380 4342 etiam
1406 4269 1547 4365 operose
1569 4271 1726 4346 versabor
1745 4278 1783 4349 in

249 4366 469 4440 excutiendis
484 4367 609 4463 ineptis
627 4367 663 4437 &
678 4366 720 4439 ad
730 4366 1008 4459 ernbtilianum
1029 4368 1115 4439 nihil
1131 4367 1379 4464 pertinentibus
1392 4366 1658 4467 censuris,.quas
1675 4376 1783 4464 notis,

313 4482 386 4536 eter
401 4487 541 4535 omnem
559 4486 690 4536 morem
706 4462 743 4533 &
757 4466 942 4553 decorum,
958 4463 1138 4552 inseris,ut
1154 4465 1472 4537 inGrammaticam
1485 4467 1781 4560 Despuateriimo·

250 4490 536 4659 fflincognitam
552 4560 649 4648 sere,
675 4559 712 4630 ὃ(
731 4560 766 4630 in
784 4560 897 4633 Gallia
915 4562 1009 4650 sola,
1034 4561 1088 4633 sed
1116 4560 1231 4632 invitis
1254 4560 1495 4652 dostioribus,
1520 4565 1609 4661 apud
1634 4567 1783 4640 ludima-

247 4660 374 4763 gistros
389 4679 572 4736 retentam,
619 4656 769 4754 Utpag.
783 4679 870 4755 494,
887 4681 920 4731 n.
942 4679 1023 4754 301.
1048 4678 1132 4753 579.
1147 4682 1182 4732 n.
1198 4668 1282 4756 263.
1298 4669 1382 4779 695.
1400 4683 1434 4734 n.
1454 4670 1535 4758 336.
1551 4663 1664 4759 quales
1680 4686 1805 4835 nopae·

1744 4791 1806 4836 0*-
