4058 5558
245 329 310 417 ,α
469 287 1546 409 nauniiitvuittisaroii

244 443 305 539 ubi
320 445 445 545 pedem
463 446 593 564 ligant:
622 474 700 525 nam
716 473 796 552 pag.
811 469 892 548 125.
906 471 941 522 n.
953 468 1014 522 21.
1035 441 1365 542 constantigenis
1381 437 1424 524 si
1439 441 1597 516 arleium
1612 449 1698 546 magi
1721 469 1780 523 ra·

242 546 587 722 rinpgqrqpnqrsxrsqtrii.a
605 641 810 737 tractemus,
836 643 873 719 &
887 641 1034 719 severam
1049 645 1145 717 lianc-
1155 640 1257 715 nimis
1272 634 1448 712 censuram
1458 637 1578 738 jocosa
1593 639 1633 717 bc
1651 638 1780 722 ridicu·

104 784 109 793 ·
134 821 141 833 ‚
240 737 276 814 la
291 741 510 847 ignorantiae
524 764 605 820 tuae
621 763 704 818 nota
718 742 978 857 distinguamus.
1019 742 1178 831 Senties,
1203 738 1329 839 spero,
1352 736 1415 811 ubi
1431 736 1520 809 hanc
1536 739 1714 838 epistolam
1730 746 1781 820 le·

243 844 364 939 geris,
385 868 476 946 opus
501 841 567 917 effe
590 844 804 943 aliquaJutis
825 843 979 940 peritia,
1006 843 1065 940 qui
1083 838 1230 914 Fabium
1257 835 1401 911 tradate
1416 833 1453 908 &
1469 835 1660 938 intelligere
1681 845 1782 924 velit.

242 940 317 1030 Jam
334 964 443 1033 vero,
470 964 552 1015 cum
576 941 784 1017 ostenderim
804 944 864 1016 Te
878 960 948 1014 tam
963 940 1120 1014 securum
1142 936 1265 1013 veteris
1282 936 1398 1034 juris,
1422 931 1521 1048 saepe
1543 936 1723 1016 offendisse
1745 945 1787 1020 in

244 1036 461 1116 conferendis
475 1043 656 1117 Romanae
682 1043 831 1115 civitatis
855 1039 1022 1114 institutis
1041 1037 1079 1111 &
1100 1035 1235 1139 legibus
1259 1056 1342 1107 cum
1361 1032 1527 1107 Francrae
1551 1032 1680 1111 vestrae
1703 1066 1784 1117 mo·

243 1132 358 1231 ribus,
383 1139 576 1232 videamus,
600 1165 643 1214 an
661 1139 749 1239 ipsos
765 1137 1115 1238 quidemJCtorum,
1140 1158 1291 1237 quorum
1313 1130 1507 1232 fragmenta
1519 1132 1731 1228 Justinianus
1746 1144 1786 1219 in

211 1246 216 1256 ‘
243 1231 430 1315 Panded'tas
443 1241 620 1337 conjecit,
637 1238 744 1312 libros
762 1261 928 1337 umquam
944 1234 1153 1335 inspexeris,
1177 1232 1220 1308 ad
1234 1254 1321 1333 quos
1339 1250 1456 1305 tamen
1470 1231 1685 1311 confidentia
1699 1263 1786 1319 cuin

242 1327 375 1410 summa
390 1335 460 1435 ipse
474 1335 570 1435 saepe
588 1336 732 1412 lesbores
747 1337 913 1429 remittis,
938 1336 1020 1435 quia
1037 1334 1129 1408 sorte
1145 1357 1202 1405 me
1218 1331 1256 1405 δι
1273 1331 1356 1403 alios
1373 1352 1496 1403 eorum
1514 1330 1716 1413 testimonio
1730 1341 1787 1415 uti

241 1428 368 1507 vidisti.
418 1433 621 1534 Suspesium
637 1437 751 1526 enim,
777 1458 849 1508 non
864 1433 972 1507 modo
991 1433 1223 1532 ignorantiae,
1248 1428 1305 1503 sed
1318 1426 1555 1506 Thrasonicae
1570 1433 1658 1508 mihi
1669 1435 1781 1536 jaeta-

240 1527 347 1613 tinnis
362 1531 399 1607 δε
417 1535 454 1633 pl
501 1535 549 1627 iig,
573 1559 645 1635 quo
660 1534 739 1617 loca
750 1556 795 1607 ex
812 1531 991 1609 Pandeklis
1006 1534 1080 1606 aliis
1095 1527 1271 1630 sublegisse
1289 1545 1398 1628 puto,
1414 1545 1451 1600 te
1465 1527 1598 1605 faciunt
1615 1531 1713 1647 saepe
1726 1535 1783 1611 le·

241 1626 343 1722 pidae
358 1557 546 1706 admolitur
562 1624 819 1707 emendationes
835 1683 848 1723 ‚
873 1656 955 1733 quas
971 1650 1031 1705 tua
1043 1655 1164 1705 manus
1180 1629 1272 1702 notis
1287 1627 1374 1701 meis
1387 1624 1588 1702 &aliorum
1601 1631 1781 1729 adhibuit,

218 1818 221 1823 Δ
240 1721 380 1823 &quas
402 1730 523 1823 initio,
542 1731 627 1806 dum
644 1731 714 1831 legi
728 1752 803 1807 tuas
818 1751 939 1822 notas,
962 1754 1034 1803 non
1052 1727 1380 1803 animadverteram:
1399 1722 1548 1841 ideoque
1561 1727 1653 1803 forte
1670 1730 1783 1847 elapsa

239 1822 328 1915 mihi
344 1823 421 1902 sunt
435 1829 601 1929 quaedam
618 1830 697 1905 loca
713 1881 725 1921 ,
761 1853 846 1929 quae
861 1850 896 1904 te
923 1851 1069 1902 numero
1090 1826 1153 1903 suo
1175 1825 1292 1900 saltem
1310 1844 1558 1900 convincerent
1583 1826 1785 1908 inscientiae

241 1922 473 2022 t'urp'islimie,
497 1928 535 2002 δι
549 1952 663 2030 neque
679 1926 871 2033 Codicem,
896 1950 1008 2026 neque
1021 1921 1208 2002 randena
1224 1946 1413 2022 numquam
1430 1922 1633 2024 inspexisse,
1647 1930 1704 2005 vel
1719 1955 1783 2006 ne.

237 2013 322 2093 scire
344 2022 490 2118 adhue,
513 2026 604 2101 unde
624 2027 675 2101 illi
700 2015 844 2099 conflati
864 2023 957 2100 lint:
983 2048 1064 2097 nam
1090 2020 1377 2123 quotiescumque
1399 2042 1469 2122 ego
1490 2043 1550 2097 aut
1568 2023 1652 2100 alius
1676 2052 1782 2106 com·

239 2137 477 2198 mentatorum
498 2126 647 2200 citamus
671 2148 715 2197 ex
740 2124 834 2198 libris
847 2123 935 2222 juris
957 2123 1023 2197 hac
1042 2127 1198 2220 notaleg.
1215 2119 1381 2194 evasimus
1398 2143 1518 2195 manus
1534 2141 1631 2213 tuas,
1654 2123 1694 2202 δε
1710 2153 1781 2204 no.

238 2212 293 2317 bis
312 2218 475 2321 relinquis
504 2222 628 2297 noslra.
681 2221 748 2298 sed
771 2222 832 2309 ubi
853 2220 1055 2325 compendii
1081 2219 1118 2294 ὃ(
1145 2224 1315 2296 celeritatis
1349 2225 1444 2315 (non
1477 2224 1676 2297 credulitatis
1707 2228 1783 2305 vid

237 2334 319 2413 pag.
329 2313 414 2415 244.
431 2312 576 2416 napo)
596 2318 706 2395 caussa
719 2346 786 2394 una
801 2322 898 2397 litera
914 2324 937 2394 l.
951 2321 1065 2421 legem
1080 2318 1226 2418 aliquam
1245 2342 1289 2390 ex
1304 2315 1485 2403 Pandeblis
1499 2337 1560 2392 aut
1574 2318 1714 2399 Codice
1729 2329 1785 2401 ei·

238 2410 351 2491 timus
365 2416 406 2491 ad
423 2416 688 2511 testimonium,
715 2437 754 2490 tu
772 2417 853 2490 inde
864 2421 919 2490 lib.
938 2415 974 2490 id
997 2416 1046 2490 est
1063 2419 1180 2489 librani
1197 2415 1306 2489 fecisti
1331 2416 1443 2499 intua
1465 2414 1647 2513 editione,
1671 2423 1722 2496 ita
1739 2445 1784 2500 ut

113 2528 116 2532 ·
237 2508 454 2609 interpretes.
464 2517 596 2615 priores
622 2516 744 2615 &ego
770 2540 790 2588 a
816 2510 864 2588 ud
885 2513 991 2606 illos,
1014 2515 1075 2613 qui
1096 2511 1228 2614 abjesla
1251 2536 1327 2587 mea
1349 2511 1533 2605 editione,
1558 2534 1619 2588 tua
1641 2537 1784 2621 tantum

236 2607 381 2702 posthac
397 2632 567 2708 utentur,
592 2640 658 2714 pto
675 2540 887 2714 ignarillmis
905 2614 994 2712 juris
1018 2613 1134 2686 haberi
1160 2611 1353 2687 debeamus.
1399 2610 1470 2684 Sed
1489 2611 1586 2711 spero
1602 2620 1784 2716 aequiores

234 2703 379 2795 ledones
396 2761 411 2803 ,
434 2736 584 2809 quorum
600 2713 714 2786 nullus
728 2712 940 2786 humanioris
955 2709 1153 2808 disciplinae
1170 2711 1315 2809 peritior
1334 2758 1347 2800 ,
1375 2708 1401 2782 si
1417 2706 1473 2782 vel
1489 2734 1592 2784 unani
1609 2719 1776 2826 paginam

235 2800 389 2907 legerit,
420 2834 495 2902 noti
517 2808 659 2921 abjiciet
685 2808 799 2883 statim
824 2808 1007 2889 onerosum
1038 2808 1214 2904 volumen.
1269 2809 1310 2880 N
1314 2831 1384 2880 unc
1407 2831 1510 2904 quam
1533 2827 1570 2882 te
1589 2814 1772 2893 ridiculum

235 2902 430 3003 praebueris
444 2904 514 3010 ipse
527 2904 617 2982 vide.
665 2908 814 2983 Turneb
863 2906 882 2914 ”
896 2927 1042 3011 ag.505.
1059 2898 1154 2983 Edit.
1172 2930 1218 2979 m.
1237 2908 1577 3001 citaveratUlpianuia
1592 2913 1647 2984 lib.
1661 2935 1724 3009 47.
1736 2919 1771 2991 de

234 3001 367 3094 lrijuriis
388 3030 397 3076 :
431 2998 585 3077 indicans
599 3004 726 3078 librum
744 3004 839 3078 Pand
895 3030 992 3079 arum
1011 3056 1024 3096 ‚
1057 3029 1129 3104 quo
1146 3003 1267 3077 titulus
1281 3004 1338 3076 ille
1359 3006 1397 3077 de
1411 3006 1538 3098 i'iijuriis
1555 3010 1777 3091 continetur:

15 3152 26 3161 .
156 3133 159 3138 ·
236 3100 402 3212 tu‚qui.e
418 3100 591 3177 Btiffonio
604 3102 696 3177 forte
708 3100 876 3174 didiceras
895 3103 953 3174 illa
971 3102 1113 3199 Ulpiani
1126 3101 1230 3176 verba
1246 3101 1289 3172 de
1308 3106 1410 3174 atrici
1424 3102 1544 3193 injuria
1564 3102 1632 3206 legi
1647 3109 1685 3185 in
1697 3111 1782 3212 lege

234 3191 380 3298 septima
403 3196 439 3273 ff
453 3201 492 3273 de
508 3188 673 3295 Injilri'r's',
706 3200 743 3272 in
768 3220 828 3273 tua
843 3196 997 3272 editione
1012 3222 1092 3298 pag.
1112 3219 1192 3304 3053.
1207 3222 1242 3270 n.
1258 3220 1318 3294 74.
1333 3198 1435 3296 jubes
1458 3223 1520 3272 nos
1540 3201 1685 3302 legere,
1712 3213 1779 3285 Ul·

230 3298 365 3387 planam
380 3301 435 3371 lib.
452 3321 542 3371 xvir.
558 3299 596 3371 de
610 3298 743 3392 lajarii's
763 3300 820 3370 lib.
838 3321 902 3372 vri.
921 3296 958 3369 bt
978 3297 1014 3369 in
1031 3316 1090 3371 tua
1105 3315 1190 3369 nota
1211 3300 1389 3396 geminans
1406 3320 1556 3371 errorem
1573 3302 1783 3401 ridendum,

237 3391 364 3485 iterum
391 3394 535 3469 exhibes
556 3397 632 3468 vide
655 3426 695 3469 o.
721 3394 880 3489 (Graece
901 3393 1017 3467 saltem
1044 3395 1107 3468 scis
1132 3392 1155 3466 fi
1184 3418 1268 3466 num
1292 3394 1561 3480 Pandeslarum)
1586 3403 1624 3473 de
1643 3404 1782 3498 lajarir's

239 3490 296 3564 lib.
314 3516 348 3582 7.
366 3493 399 3566 8.
414 3519 447 3588 9„
458 3491 673 3577 CAPPER.
699 3493 759 3568 sic
772 3516 859 3604 ergo
873 3491 1034 3567 discimus
1047 3491 1137 3604 rests
1154 3417 1225 3566 dici
1240 3497 1356 3606 lilrum
1370 3518 1430 3587 47.
1446 3496 1522 3605 lilii
1539 3521 1571 3583 7.
1586 3517 1646 3572 aut
1659 3506 1782 3579 librum

240 3612 277 3697 7.
292 3592 368 3664 libri
380 3602 497 3667 κιὲνιι.
520 3590 547 3666 fi
565 3617 648 3685 vero
661 3591 772 3666 ullum
789 3594 876 3693 juris
887 3589 990 3700 ¹usum
1006 3588 1173 3702 habuisses
1188 3613 1231 3664 ex
1245 3590 1305 3666 lib.
1322 3615 1437 3666 xcvii.
1455 3591 1585 3668 citaffes
1609 3596 1723 3697 legem
1740 3628 1777 3702 7,

237 3699 318 3791 §47.
338 3686 372 3764 8.
387 3687 426 3761 ὃ(
441 3687 510 3790 leg.
528 3689 562 3764 8.
581 3690 618 3765 &
630 3715 665 3777 9.
684 3704 712 3780 ς.
729 3713 764 3763 2.
782 3693 819 3763 de
840 3692 984 3783 injuriis.
1003 3689 1062 3763 Sic
1082 3710 1305 3801 iterumpag.
1318 3709 1399 3788 243.
1411 3712 1539 3786 1¹·449·
1567 3697 1725 3795 Ulpianus
1743 3709 1781 3776 in

240 3784 610 3959 ti‘uh'daeTInjmbs'm·
627 3803 810 3958 κνέἀξώᾳ.
825 3786 879 3957 (ql)
890 3784 1001 3959 κὰδ(
1013 3786 1130 3956 sepiem
1141 3810 1292 3958 palgbina²
1315 3786 1353 3859 &
1367 3787 1728 3968 eadquiaeeupa'tiopie
1742 3824 1779 3874 n.

238 3902 378 4075 {iffi
396 3903 680 4084 queaptbogbi
703 3884 1628 4096 ponvrgniqpqepsgtiaupppsopa.’appraqlſjpoerqrmpqranga
1641 3922 1781 4093 3892?

244 4100 328 4187 341.
341 4081 470 4175 sumis,
496 4083 557 4158 ubi
573 4107 631 4158 me
647 4080 773 4157 aeriter
788 4080 932 4182 calligas
951 4134 964 4174 ‚
988 4080 1083 4180 quod
1100 4081 1309 4156 inTumebt
1330 4102 1414 4156 nota
1431 4107 1502 4155 non
1519 4087 1780 4172 emendaveritis

241 4201 348 4273 eum,
372 4181 434 4280 qui
454 4183 491 4255 in
510 4181 592 4258 loco
607 4207 652 4259 ex
668 4178 846 4259 pandectis
865 4183 1039 4294 Ulpipuiim
1049 4204 1120 4280 pro
1134 4180 1245 4292 Paulo·
1254 4180 1449 4296 laudaverat
1465 4231 1478 4272 ‚
1501 4200 1569 4283 nec
1591 4190 1696 4275 etiam
1712 4195 1783 4281 alia

267 4276 408 4352 uaedam
423 4279 510 4354 vitia
523 4306 705 4380 operarum
724 4278 1002 4355 emaculaverimi
1052 4281 1161 4379 Saepe
1183 4277 1249 4353 tibi
1267 4277 1463 4379 jamdum,
1489 4303 1546 4352 me
1567 4307 1639 4358 non
1662 4292 1776 4368 credi·

241 4302 327 4451 disse
339 4375 377 4449 id
393 4376 481 4451 mihi
495 4380 676 4480 negotium
693 4378 843 4473 datum,
867 4397 908 4452 ut
923 4379 960 4486 in
983 4377 1128 4484 aliorum
1153 4384 1252 4453 notas
1266 4381 1327 4476 jus
1346 4374 1551 4452 emendandi
1574 4383 1662 4458 mihi
1679 4413 1776 4464 arro·

242 4499 381 4579 garem,
391 4474 454 4573 qui
467 4498 519 4550 res
534 4502 623 4552 meas
639 4501 760 4578 agere,
770 4501 874 4576 quam
891 4501 937 4555 ex
951 4476 1061 4580 aliena
1075 4475 1217 4588 infamia
1233 4473 1372 4588 laudm
1385 4496 1544 4577 captare,
1560 4482 1676 4561 malui.
1703 4489 1777 4564 Sed

237 4573 416 4648 videamus
438 4572 525 4673 quid
549 4574 798 4675 commiserim..
839 4571 1065 4675 Eaterisipse
1087 4626 1102 4669 ‚
1122 4597 1193 4685 ²qui
1215 4573 1430 4674 diligentiam
1455 4578 1777 4679 meamdefideras,

239 4672 382 4775 meipsa
394 4669 557 4793 Turuebi
571 4673 734 4801 eubaea
748 4667 1032 4755 Adversuiuium
1047 4670 1201 4787 editione
1216 4672 1501 4801 Argentoratenli
1511 4699 1534 4801 ‘r
1543 4698 1628 4801 sps.
1650 4704 1724 4854 qiiq
1731 4684 1776 4768 >dt

1722 4800 1779 4883 go
