4058 5558
391 280 487 368 an
525 276 633 368 ct.
682 224 1419 362 ca'rrrnouunnruar.
1657 320 1735 404 a,

170 439 301 539 (habet
317 437 409 512 enim
433 434 619 535 peculiares
636 428 728 521 fibi,
754 430 894 503 utRex
916 427 1072 526 regios,)
1100 431 1346 523 Bibliopolarum
1363 429 1498 521 officinas
1513 433 1555 516 δέ
1563 418 1655 532 foris
1672 468 1721 520 m

163 541 305 635 anrraffe
319 537 474 624 clamat,
500 531 525 606 fi
541 549 638 604 tanta
660 525 846 601 accessione
863 526 1093 599 censoriarum
1105 528 1434 602 animadversionum
1455 532 1604 608 habilem
1624 565 1716 616 nunc

163 623 330 711 codicem
346 631 522 707 auxissem.
574 627 673 723 Qrid
695 648 778 698 vero
800 624 955 698 futurum
974 626 1066 721 crit,
1092 623 1222 697 fiforte
1247 625 1410 699 secundae
1434 628 1579 704 editioni
1599 661 1716 713 manus

162 736 253 810 esset
276 727 518 806 admovenda?
541 727 619 820 Jam
645 721 789 798 terribili
809 723 860 795 illi
884 723 1028 822 ponderi
1044 721 1204 796 editionis
1220 743 1297 797 tuae
1313 727 1475 799 immensa
1489 730 1592 819 adiici
1610 727 1714 809 debe'·

163 854 247 909 rent
264 835 502 917 incrementa,
527 823 562 896 &
579 845 697 897 omnes
712 840 820 909 tuae,
842 821 870 894 ὂ
887 818 1142 894 laboriosisfime
1159 821 1435 896 Rhetoricorum
1460 827 1710 907 elementorum

163 931 332 1030 magister
348 977 360 1017 ,
384 945 486 1000 notae
501 946 572 994 non
586 919 694 994 modo
709 919 868 994 exhiberi
884 971 897 1011 ,
922 918 977 991 sed
999 919 1040 992 ad
1057 942 1200 991 examen
1214 923 1330 993 vocari
1347 921 1384 992 δε
1402 922 1509 997 refelli
1525 927 1712 1006 debebunt.

170 1031 227 1106 Ad
246 1024 391 1126 singulas
410 1021 579 1121 ineptiae,
604 1019 815 1111 calumniae,
839 1016 1025 1090 malitiosae
1044 1015 1299 1109 insultationes,
1324 1018 1471 1093 furta&
1485 1021 1637 1119 fraudes,
1663 1031 1710 1104 ita

80 1181 94 1192 .
167 1121 408 1226 exaggeranda
434 1121 470 1193 ὃ(
495 1116 738 1216 amplificanda
759 1136 861 1189 erunt
885 1168 897 1208 ,
928 1137 968 1190 ut
988 1115 1012 1188 sr
1037 1115 1127 1188 forte
1146 1116 1239 1214 Regi
1256 1135 1316 1188 aut
1338 1118 1491 1216 Principi
1513 1121 1710 1200 dedicatum

166 1250 261 1323 opus
286 1218 452 1295 offerendi
469 1217 583 1288 libido
609 1235 668 1287 aut
691 1214 838 1287 ambitio
855 1239 911 1286 me
928 1215 1101 1288 incederet
1120 1264 1134 1304 ,
1170 1214 1299 1286 nonde
1316 1240 1419 1287 manu
1436 1218 1472 1288 in
1488 1243 1627 1296 manum
1644 1246 1713 1298 tra·

98 1320 105 1332 ’
167 1323 276 1411 dere,
308 1317 363 1392 sed
377 1313 531 1413 plaustro
555 1317 592 1386 in
614 1311 725 1385 aulam
744 1313 925 1403 invehere,
950 1313 986 1384 &
1009 1336 1069 1410 per
1084 1310 1216 1411 bajulos
1234 1313 1270 1384 in
1295 1317 1429 1412 regium
1454 1319 1620 1392 conclave
1641 1325 1710 1395 im·

163 1438 305 1518 portare
321 1438 476 1514 cogerer.
526 1413 589 1486 Tu
603 1410 754 1502 deinde,
779 1409 806 1483 fi
822 1412 921 1485 vivus
935 1409 1049 1482 adhuc
1067 1408 1253 1508 vigensque
1270 1462 1283 1502 ,
1309 1412 1345 1483 &
1363 1412 1404 1486 ad
1421 1415 1551 1511 proelia
1567 1419 1650 1493 haec
1667 1421 1711 1508 li·

162 1517 289 1591 aeraria
304 1511 516 1612 promtus&
531 1529 685 1608 paratus,
711 1509 850 1582 alteram
858 1508 935 1581 Tui
950 1508 1049 1582 Fabii
1065 1507 1254 1581 editionem
1273 1511 1516 1604 concinnares,
1533 1541 1598 1613 qua
1612 1520 1707 1618 prio·

168 1615 213 1686 ris
228 1634 324 1686 notas
332 1610 549 1708 vindicares,
574 1632 663 1682 meas
677 1631 804 1680 omues
822 1608 950 1705 primae
967 1604 1182 1679 &secundae
1196 1631 1325 1699 curae,
1357 1608 1584 1685 &variorum
1610 1613 1709 1705 noras

167 1714 264 1784 omni
282 1710 409 1783 duritie
425 1708 462 1781 &
477 1708 689 1781 contumelia
704 1708 914 1805 exagitarea,
939 1706 1120 1796 lacerares,
1143 1704 1373 1797 confoderes,
1398 1732 1442 1780 ex
1454 1714 1606 1806 paucis,
1632 1718 1710 1813 qui·

160 1809 232 1882 ,bus
244 1831 337 1881 nunc
357 1805 692 1898 co'e'rceturFabius‚
717 1803 975 1893 voluminibus,
1000 1802 1177 1876 decem&
1195 1801 1284 1876 ultra
1299 1803 1499 1880 conficeres.

220 1906 287 1980 Sed
306 1904 480 1977 redeamus
497 1905 533 1975 in
550 1905 661 1992 viam,
687 1927 706 1973 a
723 1920 758 1973 te
774 1901 988 1991 institutam,
1002 1897 1203 1974 &confusas
1218 1903 1309 1974 ihrer
1327 1900 1358 1974 se
1377 1905 1652 2003 criminationes,
1679 1910 1705 1985 fi

168 2003 244 2076 fieri
262 2001 394 2101 potest,
420 2001 620 2074 refutemus.
655 1999 887 2072 Exomnibus
904 2021 1008 2090 vero,
1024 1996 1149 2096 quibus
1167 2022 1223 2070 me
1239 2023 1375 2089 oneras,
1390 2003 1614 2099 criminibus,
1631 2012 1708 2082 uni·

160 2127 248 2176 cunr
265 2099 442 2199 agnosco,
467 2098 504 2170 &
516 2097 633 2193 slatim
656 2095 734 2194 post
749 2096 906 2168 emissum
924 2120 1040 2169 meum
1059 2095 1206 2169 Fabium
1226 2097 1336 2190 (bona
1352 2099 1423 2171 fide
1438 2100 1615 2191 adsevero)
1638 2112 1707 2201 jam

164 2222 375 2300 agnoveram
399 2220 581 2289 errorem,
611 2194 653 2267 'bc'
670 2196 706 2269 in
728 2194 917 2292 exemplari
939 2218 1017 2267 meo
1037 2197 1111 2292 jam
1128 2194 1339 2282 induxeram.
1363 2222 1442 2297 pag.
1461 2201 1543 2272 nim.
1573 2194 1708 2279 m.'Ed.

166 2307 250 2395 562.
271 2291 307 2370 δί
325 2321 444 2393 parum
460 2313 632 2366 attentum
656 2290 697 2364 ad
718 2294 821 2366 verba
834 2291 1015 2366 Ciceronis
1037 2294 1191 2366 animum
1218 2293 1407 2367 adhibuisse
1432 2315 1546 2389 tunc,
1580 2325 1705 2400 negare

166 2420 239 2469 non
256 2390 376 2467 audeo.
411 2395 521 2467 Hunc
537 2415 644 2490 ergo,
669 2392 762 2463 utin
777 2390 928 2464 indicem
946 2415 1124 2482 errorum,
1148 2417 1296 2490 quorum
1316 2418 1482 2466 mercum
1524 2402 1705 2496 eraginorr

166 2492 392 2591 repugnabo,
407 2480 527 2563 referas
540 2487 641 2561 facile
655 2490 904 2587 patior,nec.ei
914 2489 1130 2563 defendendo
1150 2510 1286 2588 tempus
1303 2422 1550 2584 insumamAEd
1567 2521 1622 2569 me
1638 2499 1704 2590 ho·

164 2593 298 2662 minem
315 2589 379 2677 effe
396 2640 409 2680 ,
433 2587 608 2660 &errasse
630 2582 753 2686 saepe,
779 2587 816 2660 ὃ(
832 2588 1042 2688 frequentius
1057 2589 1191 2678 etiam,
1218 2613 1320 2686 quam
1337 2608 1376 2660 tu
1393 2614 1540 2682 mones,
1563 2618 1618 2664 me
1634 2595 1705 2695 ipse

161 2687 372 2760 admonebo.
398 2686 551 2783 Reliqua
564 2708 768 2782 vero,quae
784 2685 884 2781 plena
901 2709 1005 2757 mauu
1019 2685 1141 2756 ultima
1150 2685 1368 2784 paragrapho
1385 2687 1638 2788 cumulas,ipse
1652 2696 1705 2765 vi·
1814 2719 1818 2726 ·

164 2786 254 2878 des,
281 2781 318 2856 δί
335 2782 412 2883 post
424 2802 500 2855 ram
520 2783 739 2855 inhumanam
755 2785 999 2871 acerbitatem,
1026 2779 1148 2882 sponte
1163 2778 1279 2854 fateris
1291 2784 1404 2881 magis
1423 2783 1565 2859 librariis
1581 2811 1640 2863 aut
1654 2781 1704 2873 se,-

168 2883 307 2956 stinanti
330 2885 467 2954 calamo
490 2879 636 2970 deberi,
661 2905 764 2977 quarn
787 2881 874 2952 mihi
898 2881 1041 2953 meliora
1060 2903 1132 2950 non
1156 2878 1273 2953 doslo.
1321 2883 1425 2954 Hanc
1445 2882 1499 2955 vel
1518 2884 1610 2957 illam
1628 2888 1707 2962 lite·

164 3005 236 3052 ram
254 3002 319 3076 pro
336 2978 400 3049 alia
415 2997 544 3048 temere
560 2976 729 3072 postam,
756 2977 899 3047 verbum
916 2976 1024 3047 verbo
1041 2973 1285 3074 suppofitum,
1310 2999 1495 3052 accentum
1509 3004 1567 3056 aut
1585 2987 1703 3085 negle-

165 3074 283 3163 sium,
307 3095 366 3148 aut
383 3074 499 3144 literae
515 3071 589 3143 suae
607 3096 678 3143 non
694 3073 932 3145 imminentem
951 3124 963 3164 ,
988 3071 1085 3171 ipse,
1110 3098 1195 3172 quae
1220 3076 1344 3150 tuaest
1369 3077 1447 3175 post
1463 3077 1614 3155 satiatam
1631 3109 1703 3158 rna-

160 3173 272 3246 litiam
290 3172 446 3262 bonitas,
465 3169 555 3265 forte
571 3175 605 3242 in
623 3192 728 3263 operas
738 3173 1103 3266 Typographicas'potius
1119 3223 1129 3261 ‚
1154 3198 1251 3266 quam
1267 3180 1301 3246 in
1317 3177 1462 3246 editorem
1477 3175 1576 3273 ipsum
1592 3181 1703 3277 refan-

164 3272 236 3343 dere
259 3286 419 3364 oportere,
447 3266 569 3339 censes.
611 3268 674 3341 Ne
691 3286 807 3339 tamen
824 3273 973 3366 ingenua
988 3269 1071 3340 haec
1094 3268 1295 3343 confitentis
1309 3270 1438 3370 lapsum
1455 3273 1602 3373 aliquem
1623 3277 1704 3351 sun·

162 3368 299 3482 plicitas
315 3366 530 3439 ferocitatem
548 3384 642 3437 tuam
660 3365 843 3456 intendat,
869 3367 1040 3463 specimen
1058 3390 1167 3439 unum
1185 3389 1244 3440 aut
1260 3369 1427 3464 alterum,
1449 3372 1632 3451 clementis
1650 3379 1703 3451 tui

165 3466 313 3565 ingenii,
340 3466 398 3561 qui
415 3488 471 3536 me
487 3462 722 3537 carnificinam
737 3465 772 3535 in
790 3464 917 3537 alienos
936 3463 1048 3537 foetus
1064 3489 1222 3538 exercere
1242 3468 1314 3560 via,
1339 3492 1528 3543 cernamus.

215 3567 300 3662 Pag.
320 3584 361 3659 23
393 3561 459 3633 Ed.
482 3585 585 3635 meae.
616 3585 669 3655 14·
692 3583 776 3632 vero
800 3581 878 3634 tuae
903 3563 1095 3635 Clementis
1111 3563 1336 3637 Alexandrini
1360 3567 1478 3638 locum
1501 3567 1543 3640 ab
1559 3573 1702 3646 Alaeu-

165 3667 255 3737 vem'o
271 3658 458 3733 addustum
481 3658 568 3738 male
585 3658 711 3731 Latine
728 3659 837 3750 verti,
862 3661 1059 3760 indignaris.
1111 3662 1234 3733 Liceat
1251 3664 1320 3736 hoc
1338 3663 1424 3755 tibi,
1450 3662 1505 3738 sed
1520 3691 1605 3765 quae
1621 3671 1703 3744 inde

164 3760 205 3835 ad
224 3782 280 3831 me
297 3757 462 3830 redundat
485 3754 650 3848 infamia,
684 3756 744 3854 qui
759 3783 890 3857 parum
911 3757 1077 3832 sollicitus
1097 3758 1140 3830 de
1163 3759 1343 3858 diligentia
1361 3767 1572 3839 Almelavem‘i
1584 3816 1597 3856 ,
1630 3772 1704 3866 ejus

164 3859 268 3932 verba
284 3855 433 3928 fideliter
448 3852 620 3945 exhibui,
653 3855 688 3925 &
703 3855 835 3927 austori
852 3857 912 3929 suo
931 3911 943 3950 ,
978 3878 1037 3930 aut
1057 3859 1267 3957 cuicumque
1291 3885 1333 3932 ex
1359 3860 1424 3932 hac
1443 3861 1588 3960 ignobili
1605 3891 1704 3940 arena

165 3957 278 4055 palma
319 3956 444 4036 eritut,
471 3949 675 4024 vindicanda
692 3950 837 4047 reliqui?
863 3956 1025 4053 Denique
1041 3954 1109 4029 five
1128 3961 1383 4050 Almelovenias,
1411 3957 1500 4050 sive,
1527 3963 1620 4056 quod
1638 3991 1702 4062 po·

167 4058 232 4128 tius
248 3981 379 4139 velim,
405 4051 560 4122 librarius
588 4047 779 4139 erraverit,
806 4049 841 4121 &
860 4052 1018 4126 excidere
1035 4053 1096 4126 srbi
1110 4055 1218 4152 pallus
1235 4053 1276 4126 srt
1295 4058 1428 4129 literam
1448 4087 1470 4127 a
1488 4106 1500 4146 ,
1526 4058 1564 4130 &
1581 4060 1627 4133 ira
1645 4094 1703 4159 arf

163 4154 311 4238 visilia
326 4174 389 4250 pro
404 4149 603 4228 &obviasse
616 4145 769 4233 dederit,
797 4151 928 4221 tantine
945 4153 971 4223 is
986 4149 1094 4248 lapsus
1112 4172 1204 4242 erat,
1229 4170 1269 4222 ut
1284 4153 1320 4224 ὃ(
1331 4154 1366 4223 in
1377 4153 1590 4249 ⁴praefatione
1609 4165 1704 4257 prin·

170 4251 305 4346 cipem,
324 4251 413 4321 inter
431 4269 579 4344 quatuor
589 4247 706 4344 gravia
720 4247 864 4320 crimina
882 4249 968 4320 mihi
986 4248 1173 4348 adscripta,
1199 4249 1318 4321 locum
1335 4271 1495 4344 teneret,
1520 4255 1556 4327 ὃ(
1581 4255 1703 4331 deinde

161 4350 206 4418 in
223 4347 312 4418 notis
327 4347 443 4421 eadem
463 4370 592 4444 pompa
607 4344 839 4442 repeteretur?
974 4418 975 4422 ,
1299 4406 1301 4409 ,

219 4443 349 4515 Levior
364 4445 466 4530 sane,
499 4443 665 4541 &pueris
683 4444 975 4538 convenientior,
1007 4468 1109 4541 quam
1129 4443 1321 4546 Theologo
1339 4449 1569 4544 Licentiato,
1601 4454 1704 4527 altera

162 4538 360 4628 accusatio,
383 4539 478 4637 quod
496 4541 531 4608 in
549 4540 861 4614 Pseudo-Turnebi
877 4544 968 4616 notis
985 4541 1016 4614 le
1044 4562 1119 4614 atur
1130 4545 1444 4648 Euphonifmus,pro
1464 4551 1707 4645 Euphemismus.

164 4637 269 4739 Qud
283 4637 357 4712 hoc
380 4636 421 4711 ad
443 4660 526 4729 me,
558 4639 619 4738 qui
634 4641 785 4738 ignoro,
820 4666 864 4718 an
886 4643 943 4720 ille
960 4640 1005 4719 fit
1058 4643 1210 4818 umelbs’
1241 4668 1285 4721 an
1301 4645 1460 4748 discipuli
1474 4646 1708 4724 dictaaexct·

514 4792 523 4799 -
1604 4768 1707 4844 pren·
