4064 5558
469 288 564 379 ab
612 282 723 375 CL.
764 276 1507 375 CAPPFRONNERlUM.
1713 297 1766 385 45

232 472 331 552 Edit.
348 489 395 541 m.
414 482 524 537 manus
541 456 793 553 gladiatorum,
819 446 881 518 Tu
902 442 964 517 sub
982 445 1132 518 nominis
1152 447 1205 520 tui
1230 446 1336 530 titulo
1359 446 1517 545 apponis.
1568 444 1656 515 Hiar
1673 444 1772 511 eliam

235 574 343 667 aeq'uis
359 562 500 639 manibus
518 554 607 647 apud
620 556 728 623 Amne.
748 543 899 615 Marcell.
913 546 969 615 lib.
979 566 1078 617 xxiv.
1093 565 1158 635 cap.
1174 566 1211 639 4.
1226 548 1278 617 adi
1291 546 1367 621 vide
1381 550 1459 617 Vale
1472 564 1548 615 rtem.
1576 542 1641 607 CA
1647 542 1770 609 ΡΡΕΚ.

260 688 406 765 uaeego
424 661 460 731 in
475 649 640 729 addendis
659 646 745 723 ,meis
762 644 829 737 jam
854 662 1054 737 rogaveram
1069 640 1241 731 lectores,
1265 662 1306 715 ut
1322 662 1423 715 notae
1446 664 1541 715 meae
1557 637 1768 736 adjicerent,

235 696 292 840 sd
310 786 396 863 qtrae
411 778 452 831 tu
465 752 558 827 forte
571 753 646 847 jure
662 742 726 817 tibi
743 736 952 825 vindicabis,
977 739 1058 837 quia
1071 764 1147 811 mea
1163 742 1268 812 verba
1284 740 1422 812 duobus
1438 739 1571 813 voculis
1584 742 1703 823 eriam,
1729 732 1768 804 &

237 868 323 961 apud
339 854 477 934 auxisti.
527 848 630 939 Qme
645 843 727 913 haec
745 836 957 933 impudentia
974 836 985 905 l
1011 858 1055 907 an
1070 860 1189 909 omnes
1208 838 1358 910 Francos
1374 858 1454 910 tuos
1476 832 1656 935 fungos&
1673 832 1767 928 stipi·

239 945 290 1039 ies
314 958 380 1033 esse
404 970 532 1051 putas,
556 942 679 1041 quibus
704 956 773 1007 tarn
797 932 973 1005 audaciter
990 930 1028 1003 dc
1047 930 1138 1025 fatue
1155 934 1334 1029 imponis?
1359 936 1495 1024 Certe,
1521 935 1601 1031 quia
1616 953 1675 1003 tua
1695 929 1769 1001 edi·

240 1066 339 1133 tione
364 1042 589 1126 menn-aditu
618 1038 660 1107 in‘
675 1032 858 1105 Franciam
881 1029 1059 1127 prohiberi
1082 1030 1177 1129 posse
1198 1030 1402 1124 credidisti,
1429 1028 1669 1109 illiberaliillo
1687 1026 1770 1099 saci·

243 1182 331 1229 nore
353 1171 450 1224 notas
472 1164 557 1223 meas
580 1138 674 1221 tuis,
701 1130 769 1207 fiae
792 1130 864 1201 ullo
885 1126 983 1225 saepe
1005 1125 1200 1201 discrimine
1222 1130 1432 1203 caraslerum
1456 1150 1515 1203 aut
1542 1126 1719 1227 signorum
1736 1126 1774 1197 in

247 1254 365 1327 haere
389 1246 561 1317 s'olirorum
582 1284 595 1323 ,
620 1226 836 1302 immiscendi
866 1226 901 1297 id
926 1224 1104 1297 intendisse
1127 1226 1280 1320 videris,
1304 1246 1346 1299 ut
1368 1228 1554 1299 multarum
1577 1224 1775 1297 adnotatio·

245 1374 328 1421 num
345 1364 453 1416 novus
473 1332 593 1406 audior
613 1326 681 1401 'csse
704 1324 875 1414 credaris,
901 1322 939 1393 δί
957 1323 1006 1397 ita
1025 1322 1171 1421 dignum
1188 1324 1348 1397 literis&
1365 1324 1559 1397 eruditione
1572 1344 1632 1395 tua
1646 1318 1775 1417 aliquid

244 1444 425 1517 renovatae
438 1431 584 1505 editioni
609 1422 806 1526 praestitisse
826 1443 863 1494 te
875 1418 1003 1519 jadiare
1023 1418 1133 1519 pollis.
1184 1422 1252 1495 Sed
1276 1420 1476 1494 astutiorem
1500 1443 1535 1494 te
1552 1422 1713 1508 homine,
1739 1436 1781 1489 ut

244 1560 414 1639 apparet,
449 1553 573 1629 parum
595 1522 750 1611 callido,
784 1541 1013 1594 veteratorem
1043 1518 1123 1589 talia
1144 1516 1236 1592 furta
1253 1517 1391 1617 poscere
1412 1520 1586 1593 videntur.
1634 1520 1726 1591 Tiro
1746 1518 1780 1587 in

244 1638 496 1737 l’lagiariorum
512 1648 585 1699 arte
600 1624 714 1696 adhuc
730 1618 853 1691 videris
870 1666 884 1707 ,
909 1614 1045 1689 sortasse
1060 1616 1181 1688 melius
1205 1618 1241 1687 in
1265 1616 1462 1715 magnificis
1480 1618 1574 1707 illis,
1599 1638 1687 1711 quae
1702 1615 1781 1687 orbi

244 1738 383 1811 litcnuo
403 1726 612 1813 denuntias,
636 1718 827 1817 operibus,
852 1714 1030 1787 tibisurta
1046 1712 1180 1787 velandi
1205 1714 1243 1785 dc
1259 1716 1399 1813 tegendi
1419 1716 1610 1789 artificium
1637 1714 1781 1809 posthac

249 1830 447 1935 procedet,
474 1826 540 1897 neb
558 1820 652 1895 nulla
667 1816 739 1917 spes
753 1812 802 1889 est
818 1862 830 1905 ,
857 1832 892 1886 te
906 1812 1037 1885 Furum
1051 1810 1280 1885 literariorutn
1303 1814 1400 1887 brevi
1422 1814 1673 1913 Coryphaeum
1689 1810 1785 1883 sutu-

250 1958 340 2007 rum.
1048 1958 1051 1965 ·

299 2026 366 2102 Sed
393 2044 575 2124 pergamus
600 2018 636 2089 in
661 2014 732 2087 hoc
749 2010 836 2083 Caci
863 2028 963 2083 antro
986 2006 1216 2102 illustrando,
1243 2034 1306 2084 nec
1331 2010 1438 2111 longe
1460 2012 1591 2085 abhoc
1616 2010 1698 2081 loco
1730 2006 1783 2079 di·

250 2126 349 2227 gredi
366 2122 542 2219 nos-jubet
559 2136 643 2189 nota
657 2134 718 2185 tua
734 2110 848 2181 eadem
867 2131 944 2205 pag.
959 2128 1038 2205 334.
1053 2107 1179 2181 n.e8z.
1197 2109 1256 2181 ubi
1276 2108 1456 2207 postquam
1474 2112 1611 2207 paucis,
1637 2128 1676 2181 ut
1693 2126 1788 2177 meus

252 2226 302 2297 est
316 2248 415 2311 mos,
440 2224 477 2291 in
493 2212 648 2289 rebus&
662 2208 808 2283 vocibus
823 2230 895 2277 non
912 2206 1063 2278 obscuris
1081 2256 1093 2295 ,
1118 2204 1162 2277 de
1179 2206 1418 2298 affirmatione,
1443 2234 1508 2305 pro
1527 2232 1594 2307 qua
1609 2206 1710 2277 multi
1728 2202 1787 2273 hic

254 2322 291 2395 de
310 2325 345 2393 in
369 2313 563 2415 aiiis‘Fabii
589 2310 678 2381 iocis
700 2308 959 2399 asseverationem
982 2300 1048 2375 else
1069 2302 1336 2377 substituendam
1360 2306 1610 2395 contendunt,
1635 2301 1787 2402 egiss-:ma

257 2422 319 2493 Tu
341 2416 481 2515 l‘ubjicis
496 2464 509 2503 ,
524 2415 581 2495 ,dx
597 2402 848 2497 Affirmariaae]
877 2404 932 2471 Ex
955 2419 1039 2473 carra
1056 2399 1238 2493 affirmandi
1259 2406 1378 2493 modo,
1403 2407 1458 2498 qai
1472 2406 1539 2500 fiat
1564 2426 1632 2477 cam
1657 2402 1791 2494 quodam

256 2524 356 2591 animi
373 2514 503 2609 afficiar.
535 2508 615 2579 Vide
629 2525 697 2595 cap.
710 2524 744 2599 5.
758 2500 851 2593 bajas
867 2500 963 2587 libri,
987 2498 1164 2595 explicans
1181 2500 1270 2573 clara
1285 2500 1382 2573 Fabii
1398 2504 1501 2573 verba
1517 2522 1580 2597 per
1595 2500 1709 2571 multo
1725 2494 1791 2567 ob·

259 2614 420 2687 scuriora.
473 2608 515 2679 In
540 2600 704 2677 univerfis
729 2622 812 2671 vero
837 2595 928 2669 notis
957 2594 1104 2693 adcap..
1119 2621 1153 2691 5.
1168 2598 1271 2696 hujus
1293 2598 1372 2669 libri
1399 2598 1485 2668 nihil
1503 2598 1650 2695 reperire
1666 2594 1791 2693 potui,

258 2712 353 2813 quod
367 2710 410 2783 ad
425 2729 549 2779 vocem
569 2702 657 2773 hanc
672 2696 913 2791 affirmationem
930 2694 1102 2766 attineret.
1153 2696 1236 2795 Ego
1252 2718 1334 2769 vero
1351 2692 1541 2767 remiseram
1557 2696 1595 2767 in
1618 2718 1694 2767 men
1710 2713 1796 2765 nota

257 2810 421 2883 sessorem
436 2804 479 2877 ad
496 2803 554 2874 lib.
572 2825 605 2871 v.
620 2820 696 2893 cap.
718 2816 776 2867 12.
797 2793 856 2865 ubi
874 2810 913 2863 tu
928 2791 1144 2865 churnebi
1158 2814 1260 2882 nota,
1286 2793 1323 2863 &
1341 2794 1421 2865 loeo
1439 2794 1560 2883 Fabii,
1575 2792 1618 2862 de
1634 2816 1706 2889 quo
1720 2791 1795 2887 agi·

260 2932 360 2996 mus,
376 2906 414 2975 be
430 2903 559 2989 altero,
570 2920 674 2993 quem
691 2916 735 2963 ex
752 2888 914 2963 addendis
928 2890 1011 2959 meis
1027 2890 1220 2983 arripuisti,
1235 2890 1295 2961 lib.
1311 2912 1361 2961 xv.
1375 2915 1451 2988 cap.
1466 2912 1497 2989 3.
1512 2889 1656 2963 exstruis
1672 2908 1792 2961 notan-r

265 3005 455 3088 furtivam,
480 2996 516 3067 δε
533 3016 619 3091 quae
634 2986 822 3065 Turnebus
843 2984 1066 3077 affeceratieai
1089 2984 1138 3057 ibi
1166 2986 1363 3082 tribuerat,
1386 3008 1425 3061 tu
1443 2988 1609 3063 hocloco
1627 3039 1639 3077 ,
1664 2988 1793 3083 dequo

263 3102 424 3199 agimus,
447 3092 653 3187 affirnrarioni
670 3086 822 3173 tribuis,
847 3082 885 3153 dc
902 3081 1039 3155 taudem
1057 3107 1101 3156 eo
1123 3082 1233 3159 delabi
1253 3090 1415 3181 cogeris,
1440 3104 1475 3159 ar
1493 3086 1735 3175 affirmationem
1751 3084 1794 3163 &

261 3197 522 3293 affeverarioaam
547 3212 637 3261 vaces
663 3184 737 3279 sere
760 3184 819 3275 effe
832 3180 1020 3275 syrionymas
1048 3181 1191 3253 fatearis.
1231 3182 1270 3253 dc
1294 3204 1336 3251 ne
1359 3183 1462 3278 liujus
1486 3182 1571 3255 furti
1595 3182 1659 3255 tibi
1682 3180 1794 3281 gloria

262 3296 347 3393 eripi
365 3290 504 3392 posset,
529 3287 649 3359 eadem
667 3304 746 3379 pag.
759 3304 802 3375 7¹
815 3300 845 3376 3.
861 3302 893 3349 n.
909 3298 993 3373 543.
1010 3276 1048 3349 ἃ(
1064 3279 1145 3350 alibi
1161 3282 1296 3377 repetis.
1346 3278 1417 3353 Cui
1435 3304 1517 3353 vero
1534 3280 1629 3354 bono
1645 3300 1702 3355 tot
1719 3303 1794 3352 ver.

262 3392 307 3463 ba
323 3390 491 3489 perdere,
515 3382 691 3458 sitandem
708 3378 829 3451 inutile
843 3376 927 3449 illud
944 3373 1126 3449 discrimen
1141 3376 1205 3449 esse
1221 3374 1374 3469 lateatis,
1400 3378 1438 3453 &
1455 3378 1497 3451 ad
1513 3379 1726 3477 reliquorum
1741 3378 1797 3449 in·

264 3510 317 3563 ter
345 3510 455 3559 retum
469 3482 666 3555 sententiam
682 3474 845 3551 accedere
858 3474 1098 3571 compellaris?

313 3515 396 3686 sag.
413 3605 491 3681 352.
508 3606 542 3653 n.
563 3602 617 3677 35.
633 3600 715 3649 eum
732 3594 851 3645 notam
866 3594 960 3644 tuam
979 3572 1155 3671 legerem,
1181 3576 1326 3647 mirabar
1341 3600 1404 3647 cur
1419 3592 1529 3647 totam
1547 3596 1657 3645 meam
1675 3623 1687 3661 ,
1713 3593 1793 3669 pag.

266 3708 349 3783 502.
367 3683 431 3755 Ed.
447 3705 493 3751 m.
520 3680 602 3749 licet
620 3676 688 3747 hoc
713 3669 842 3769 saepius
865 3670 1010 3745 incertas
1034 3668 1128 3771 saepe
1148 3669 1196 3743 ob
1222 3672 1344 3745 caussas
1369 3672 1501 3745 facinus
1517 3672 1703 3759 admittas,
1729 3694 1793 3745 no.-

248 3802 335 3856 'tam
361 3776 535 3879 ejecisses,
559 3800 628 3873 qua
650 3772 835 3845 docueram
859 3768 948 3841 nihil
970 3766 1063 3863 else,
1088 3769 1183 3870 quod
1202 3768 1399 3843 Ascensrum
1419 3772 1478 3845 hic
1502 3772 1673 3859 turbaret,
1699 3765 1793 3863 qudi

264 3884 315 3953 laic
337 3878 375 3952 &¹
400 3880 481 3965 ille,
506 3872 613 3945 ess'ent
637 3894 723 3941 mox
748 3866 1020 3965 transponenda:
1046 3894 1128 3941 curn
1147 3868 1242 3965 saepe
1267 3871 1332 3941 viri
1354 3870 1449 3943 dodi
1467 3874 1535 3964 jam
1562 3865 1791 3957 monniu‘ent,

267 3980 350 4051 haec
363 3972 589 4075 'praenomina
605 3970 677 4041 vim
694 3966 786 4039 suam
802 3962 1044 4057 commutare,
1071 3966 1109 4038 dc
1125 3968 1177 4041 hic
1191 3968 1286 4065 saepe
1308 3968 1349 4039 ad
1370 3958 1563 4053 remotius,
1586 3964 1694 4038 illaad
1712 3990 1793 4057 pro·

254 4078 401 4150 'ximum
417 4071 560 4145 verbum
576 4066 721 4153 referri,
744 4062 782 4135 &
796 4088 878 4135 cum
896 4086 964 4159 ego
983 4062 1018 4133 in
1040 4088 1076 4135 re
1092 4063 1252 4138 tralatitia
1268 4064 1454 4161 &vulgari
1477 4064 1641 4135 lcclorem
1667 4060 1793 4135 morari

272 4174 423 4264 nollem,
447 4194 491 4243 ex
518 4167 653 4239 infinita
678 4161 780 4236 turba
802 4162 1014 4249 dodiorum,
1040 4166 1100 4257 qui
1125 4162 1195 4235 hoc
1220 4162 1261 4234 ad
1286 4160 1440 4234 nauseam
1465 4158 1569 4255 usque
1584 4160 1796 4251 docuerant,

273 4272 415 4344 obvium
438 4268 476 4340 dc
499 4285 656 4365 paratum
682 4258 870 4349 omnibus,
897 4258 1006 4331 solum
1022 4262 1186 4332 Sardium
1209 4260 1404 4358 elegeram,
1436 4258 1496 4356 qui
1520 4258 1556 4329 id
1583 4260 1618 4331 in
1642 4260 1799 4333 Minerva

269 4368 330 4441 lib.
348 4394 384 4441 u.
410 4392 486 4461 cap.
504 4390 539 4447 9.
565 4362 602 4433 be
624 4360 667 4432 ad
690 4382 770 4431 eum
792 4362 1005 4446 Perizonius,
1037 4356 1112 4429 satis
1136 4354 1364 4427 ostenderant.
1411 4357 1474 4431 Tu
1498 4354 1615 4447 eiesiis
1637 4362 1797 4430 omnibns

269 4467 352 4541 meis
369 4466 501 4551 verbis,
529 4458 565 4527 &
581 4458 720 4551 Asceafii
738 4455 831 4529 nulla
845 4452 933 4527 sasla
949 4456 1153 4541 mentione,
1178 4450 1272 4550 quast
1292 4458 1469 4545 collinum,
1495 4445 1669 4529 abvitium
1684 4456 1797 4527 edito·

251 4573 340 4637 'rem
356 4562 480 4647 Fabii,
504 4554 653 4627 relinans
670 4602 683 4641 ,
711 4556 794 4624 meis
808 4554 910 4627 armis
927 4552 1059 4644 uteris,
1084 4551 1123 4624 &
1139 4576 1184 4625 cx
1199 4578 1265 4625 una
1283 4574 1352 4625 tres
1366 4573 1558 4652 quatuorve
1573 4576 1669 4627 notas
1683 4550 1798 4623 confi·

269 4660 434 4755 ciens,dc
446 4658 569 4733 Sanun
580 4656 743 4727 Minerva
761 4668 863 4729 taces.
888 4650 957 4729 Sed
972 4674 1052 4755 pag.
1061 4674 1146 4749 401.
1162 4676 1197 4738 n,
1204 4652 1342 4825 9⁰13&
1352 4654 1510 4751 exempla
1528 4654 1631 4749 hujus
1646 4648 1800 4721 observa·

370 4780 373 4785 ’
1062 4774 1069 4786 “
1188 4816 1191 4821 .
1274 4766 1282 4799 ¹
1320 4772 1336 4847 3
1701 4750 1816 4825 tronis.
