4058 5558
381 212 476 371 ln
532 274 637 365 er..
677 271 1413 368 carruaounnaruu.
1620 304 1717 406 9,

144 443 228 514 ricus
243 433 301 510 ille
314 434 352 508 in
364 432 511 507 Criticis
528 425 700 529 prioribus
712 427 923 528 exagitavit,
948 450 1020 526 quo
1034 427 1146 520 citas,
1170 429 1332 521 Livium,
1356 433 1484 528 JCros,
1509 430 1547 507 dc
1562 435 1678 509 nescio

149 559 262 635 quos,
298 533 397 608 nullo
411 554 475 605 nec
490 529 580 605 libro
601 550 667 600 nec
684 525 825 626 capite,
857 546 917 599 aut
939 548 1117 624 perperam
1139 523 1349 626 defignato,
1381 529 1486 604 latere
1509 531 1677 607 summam

144 634 406 736 ignorantiam,
438 628 476 702 ἃ
500 627 593 701 furta
614 624 780 724 turpia&
804 623 963 722 pudenda
985 624 1191 723 intelligant.
1236 625 1451 721 Fateantur,
1482 629 1583 704 rebus
1596 628 1677 728 ipfis
1781 626 1785 631 ’

146 730 300 807 convitii
318 780 331 821 ,
355 751 477 826 parum
495 747 532 798 te
545 723 714 799 versatum
731 722 794 795 else
810 725 845 793 in
860 743 1018 796 veterum
1035 722 1072 795 &
1085 722 1319 797 recentiorum
1332 723 1494 825 scriptis,
1520 751 1607 826 quae
1624 747 1676 801 ta·

142 855 225 906 men
241 829 284 905 ad
302 826 538 900 testimonium
558 842 682 896 vocare
698 820 886 910 audes,aut
900 821 926 894 sr
942 821 1056 894 adhuc
1071 820 1229 894 dubitare
1241 842 1413 921 pergant,
1470 849 1555 899 auca
1570 827 1675 904 etiam

109 974 115 985 ι
143 931 251 1021 haec,
276 951 346 1000 non
361 925 474 1009 minus
490 943 584 996 certa
601 917 866 1020 ignorantiae&
883 919 1077 992 inscientiae
1092 941 1295 1018 argumenta
1310 850 1533 1018 perpendant.

123 1091 130 1113 ,
191 1030 276 1127 Pag.
291 1023 358 1099 Ed.
373 1047 421 1094 m.
438 1041 481 1120 53
513 1045 581 1120 ago
597 1018 641 1092 de
655 1017 801 1091 vocibus
818 1016 943 1113 Cofhar
959 1015 997 1090 δι
1013 1017 1195 1116 Mostroga.
1220 1017 1303 1109 Tu,
1318 1042 1400 1092 cum
1414 1041 1531 1097 tamen
1545 1023 1675 1097 Graan-

139 1126 287 1200 maticae
300 1120 337 1195 δι
354 1126 369 1217 (
378 1138 417 1193 ut
427 1119 575 1192 vidimus
588 1171 598 1210 ,
610 1119 647 1192 in
655 1139 743 1205 voce
757 1115 1164 1209 ‚bicliniomutooconomia
1173 1115 1258 1199 dcc.)
1266 1118 1501 1220 etymologiae
1517 1120 1673 1234 petitiffi·

51 1310 53 1314 p
143 1248 219 1298 mus
238 1220 346 1294 videri
360 1220 487 1315 cupis,
513 1217 572 1289 hic
589 1216 671 1288 siles.
723 1214 789 1288 Sed
809 1214 916 1312 priori
932 1235 1027 1287 meae
1044 1235 1159 1288 notae.
1175 1239 1209 1312 p.
1230 1235 1285 1313 35.
1300 1238 1335 1288 n.
1350 1237 1411 1312 41.
1428 1218 1547 1316 adjicis
1570 1219 1678 1311 haec,

132 1325 181 1413 ,de
196 1321 247 1393 his
262 1319 423 1393 uocabulis
437 1335 546 1408 operae
561 1320 702 1407 pretium
718 1317 779 1383 erit
796 1314 1252 1410 legoreVoffliEtymologicon.
1303 1314 1432 1413 Siquis
1452 1320 1524 1414 jam
1540 1333 1680 1415 quaerat

144 1444 197 1493 eas
213 1440 316 1492 voces
331 1417 368 1488 in
383 1411 638 1511 Etymolo'gico
654 1407 787 1501 Voffii,
813 1408 930 1482 credet
947 1409 979 1482 se
995 1411 1032 1481 in
1048 1408 1221 1483 elemento
1238 1408 1299 1483 suo
1314 1411 1351 1485 dc
1366 1415 1487 1486 ordine
1503 1414 1679 1487 literarum

145 1536 391 1615 reperturum,
425 1515 473 1584 ita
491 1512 583 1583 enim
600 1512 692 1582 viros
713 1507 867 1580 eruditos
883 1507 1008 1600 libris,
1040 1530 1127 1606 quae
1139 1507 1356 1583 Lexicorum
1376 1511 1512 1586 vicibus
1527 1502 1681 1611 sungun-
1777 1560 1779 1564 ι

147 1636 234 1704 tur,
267 1613 322 1686 uti
356 1609 500 1684 constat.
551 1607 618 1682 Sed
644 1627 765 1680 neutra
795 1627 980 1680 occurret:
1017 1608 1127 1702 prima
1148 1604 1290 1704 quidem
1317 1607 1438 1706 Gesner
1463 1613 1679 1682 excutitura

148 1710 270 1787 Vollio
287 1712 322 1783 in
344 1732 433 1782 voce
445 1703 566 1804 Caseus
580 1732 594 1779 .·
628 1706 683 1779 sed
706 1705 777 1777 hoc
801 1726 943 1776 monere
966 1701 1167 1783 debuisses:
1202 1704 1306 1795 altera
1331 1703 1494 1806 nusquam
1519 1733 1562 1805 ap
1589 1728 1681 1796 aret,

144 1834 209 1885 nec
226 1808 398 1904 Mostruca
418 1805 474 1879 vel
491 1804 693 1901 niosleage,
718 1804 754 1874 in
776 1821 855 1875 toto
871 1801 1127 1900 Erymologico
1142 1799 1261 1875 locum
1278 1806 1416 1901 reperit.
1455 1805 1524 1878 Sed
1580 1804 1681 1878 offius

142 1932 218 1983 eam
242 1905 360 1980 retulit
382 1904 474 1976 inter
496 1902 685 1975 vocesaevi
703 1897 866 1997 sequioris
889 1899 949 1973 lib.
973 1922 1002 1972 t.
1027 1923 1103 1997 cap.
1127 1921 1158 1998 3.
1174 1899 1217 1973 de
1234 1901 1340 1974 Vitiis
1362 1899 1535 1975 sermonis.
1585 1904 1680 1979 Vide

138 2029 248 2105 ¹quarn
264 1999 417 2077 officiose
431 2001 467 2074 ὅ(
482 2002 630 2073 comiter
643 2001 810 2073 monllres
827 1999 917 2072 viam
942 1996 1008 2082 iis,
1034 1999 1094 2094 qui
1119 1998 1161 2071 ad
1177 1995 1289 2075 Voffii
1307 1998 1412 2072 libros
1429 2024 1602 2075 recurrere
1619 2026 1683 2077 eu·

131 2092 390 2204 'perent,&ita
402 2097 639 2173 etiameodem
655 2098 769 2195 capite
784 2119 890 2195 p.41.
909 2120 944 2168 n.
955 2103 1037 2167 260.
1054 2094 1185 2168 &zon
1201 2097 1397 2194 priori‚ubi
1415 2098 1593 2195 deMappa
1608 2103 1683 2199 agi·

130 2206 201 2277 'tur
225 2199 314 2274 nihil
332 2196 488 2295 subjicis:
515 2194 667 2294 sequenti
693 2217 804 2285 vero,
831 2193 892 2266 ubi
913 2191 958 2265 de
971 2194 1109 2285 Gurdo,
1134 2192 1253 2291 adjicis
1268 2218 1362 2268 meae
1377 2216 1500 2288 notae,
1526 2198 1624 2270 nullo
1640 2197 1683 2272 fi·

143 2325 218 2400 gno
232 2317 294 2372 aut
313 2297 453 2369 nomine
471 2293 646 2388 distindlae
670 2292 713 2366 ab
731 2291 966 2379 additamento
982 2310 1074 2383 tuo,
1099 2292 1167 2364 vid.
1183 2293 1281 2383 Vofflr'
1298 2298 1433 2383 Eumol.
1450 2295 1492 2375 ἰᾷ
1509 2302 1683 2369 Suetonio

132 2386 264 2475 Neron.
282 2419 342 2470 22.
355 2394 451 2494 atqui
465 2416 534 2471 uox
552 2394 676 2466 Gordos
691 2393 728 2463 in
743 2409 830 2466 toto,
839 2391 1009 2464 Suetonio
1023 2413 1094 2462 non
1108 2393 1286 2476 occurrit;
1296 2389 1349 2462 sed
1366 2411 1405 2464 tu
1420 2392 1681 2489 apudVoffium

133 2492 261 2569 ‘videns
279 2494 437 2589 Moppom
453 2515 473 2562 a
488 2489 642 2587 Neronis
652 2510 810 2587 ternpore
826 2490 862 2559 in
880 2485 1097 2561 Circenfibus
1114 2488 1267 2591 millam,
1297 2488 1368 2562 huc
1383 2489 1501 2562 locum
1516 2492 1684 2587 retulisti,

149 2592 229 2666 loco
243 2618 310 2666 non
329 2614 498 2689 congruo.

139 2778 146 2787 Ι
197 2693 278 2792 Pag.
297 2714 359 2787 77.
375 2714 409 2762 n.
431 2711 486 2783 17.
499 2701 695 2858 tuosmarte
711 2710 782 2758 rem
802 2683 976 2784 gerens&
993 2685 1167 2784 explicans
1184 2685 1260 2758 aliis
1279 2688 1490 2782 praeterita,
1523 2688 1620 2761 Fabii
1636 2689 1683 2760 le-

72 2854 77 2861 .
145 2787 274 2878 diores,
297 2790 357 2886 qui
374 2787 418 2861 de
432 2810 554 2884 permu
573 2787 689 2859 atione
704 2785 879 2857 literarum
906 2802 934 2856 ι.
950 2782 988 2853 &
1005 2802 1041 2854 Λ.
1066 2783 1158 2881 apud
1171 2784 1326 2857 Graecos
1344 2786 1380 2857 in
1404 2787 1683 2883 pronuntiando,

143 2889 240 2985 quod
255 2886 292 2957 ὃ(
309 2886 398 2982 apud
413 2886 597 2959 Romanos
612 2884 675 2956 usu
690 2883 815 2956 venisse
831 2883 936 2954 docet
950 2880 1074 2952 Fabius
1093 2928 1104 2971 ,
1139 2881 1247 2954 velint
1263 2881 1381 2953 doceri
1397 2885 1522 2979 plura,
1548 2884 1682 2985 ablegas

142 2986 214 3071 hoc
238 2980 358 3055 modo.
406 2983 459 3055 Sic
471 2986 599 3079 nigellus
615 3010 653 3054 ex
671 2993 713 3074 τῷ
727 2987 813 3077 niger
828 3029 855 3071 ,·
871 2981 1006 3052 umbella
1023 3005 1060 3050 ex
1076 2981 1210 3067 umbro,
1235 2981 1309 3051 uide
1322 2982 1418 3072 Voffir'
1434 2986 1681 3081 Erymologicum.

144 3081 221 3156 Ubi
244 3078 357 3154 vero?
382 3104 425 3151 an
450 3079 486 3151 in
508 3085 635 3177 nigellus
662 3101 720 3151 aut
742 3081 778 3151 in
800 3077 978 3160 umbella?⁸
993 3075 1048 3149 sed
1065 3075 1114 3148 ibi
1132 3077 1220 3147 nihil
1243 3080 1406 3172 reperio,
1431 3103 1495 3152 nec
1511 3080 1594 3174 ipsas
1618 3108 1684 3154 vo·

142 3205 209 3253 ces.
259 3178 328 3254 Sed
343 3198 421 3249 ante
437 3178 715 3276 Etymologicon
738 3177 865 3272 legitur
885 3178 957 3271 ejus
981 3171 1116 3244 libellus
1140 3173 1183 3244 de
1205 3173 1380 3246 literarum
1406 3179 1681 3273 permutatione,

143 3280 274 3377 inquo
301 3277 388 3347 inter
412 3297 546 3362 voces,
579 3299 665 3370 quae
680 3277 728 3347 R.
755 3297 835 3344 cum
862 3272 907 3344 L.
932 3289 1159 3369 permutant,
1192 3269 1385 3364 recensetur
1406 3279 1546 3369 nigellus.
1597 3279 1682 3376 Pag.

134 3375 259 3474 eadem
275 3399 317 3447 ·n.
346 3393 404 3467 25.
427 3371 470 3442 de
494 3395 582 3443 voce
605 3372 926 3464 καταπεπλασμένοι,
941 3364 1035 3440 addis
1052 3368 1212 3441 Turnebi
1238 3391 1363 3461 notae,
1382 3373 1458 3445 vide
1475 3374 1620 3447 Peritum
1645 3385 1680 3448 io

141 3477 364 3568 Miscellaneit.
383 3490 417 3540 at
466 3493 544 3540 uem
565 3467 742 3541 Peritum?
775 3469 848 3541 duo
881 3469 974 3541 enim
1005 3465 1099 3538 suere
1121 3470 1251 3542 Samuel
1275 3467 1312 3539 &
1339 3471 1485 3555 Petrus,
1512 3470 1549 3542 ὅ(
1572 3473 1675 3547 ambo

142 3565 450 3648 MISCELLAN
490 3564 652 3640 ORUM
677 3568 817 3639 nomine
839 3565 965 3639 librum
984 3564 1191 3655 ediderunt,
1222 3564 1361 3640 sedhoc
1380 3566 1602 3661 discrimine,
1637 3592 1677 3645 ut

136 3669 260 3745 Petrus
278 3668 505 3763 Miscellanear
514 3663 782 3760 Observationes,
807 3665 944 3738 Samuel
966 3663 1171 3758 Miscelloooa
1194 3664 1299 3741 titulo
1327 3664 1595 3763 proscripserint.
1613 3671 1675 3766 qui

137 3770 203 3849 'am
220 3766 427 3862 llsrsc'ellooea
448 3762 552 3836 Petiti
570 3759 711 3850 laudat,
743 3761 800 3853 ille
814 3763 979 3847 Samuelis
995 3760 1238 3859 intelligendus
1254 3762 1302 3834 est
1327 3765 1445 3839 citare.
1469 3767 1565 3863 arqui
1583 3767 1617 3837 in
1632 3767 1674 3838 il·

131 3797 200 3941 lius
222 3859 451 3941 Miscellaneis
475 3884 519 3931 ne
540 3865 597 3953 ygd
622 3860 771 3954 quidem·
784 3858 828 3931 de
848 3862 918 3932 hoc
942 3859 1049 3934 verbo
1071 3862 1251 3956 reperitur.
1278 3932 1282 3937 .
1302 3862 1370 3939 Sed
1396 3864 1431 3934 in
1450 3865 1547 3935 Petri
1566 3865 1674 3936 Periti
1748 3892 1752 3899 ¹

136 3964 363 4038 Miscellaneis
380 3955 689 4051 Observationibus
708 3955 767 4043 lib.
783 3980 836 4029 ιιι.
854 3980 928 4054 cap.
945 3978 1001 4054 23.
1020 3958 1064 4031 de
1080 3981 1122 4030 eo
1140 3957 1304 4055 quaedam
1323 3957 1555 4033 observantur.
1592 3961 1672 4055 Jam

138 4083 217 4134 vero
231 4060 449 4137 necessarium
465 4054 529 4128 effe
547 4053 852 4153 praenominibus,
878 4054 959 4127 licet
975 4054 1010 4126 id
1024 4058 1061 4127 in
1078 4057 1218 4130 Francia
1234 4082 1355 4155 parum
1368 4057 1535 4131 decorum
1557 4060 1671 4132 videa·

138 4174 214 4247 tur,
237 4179 273 4232 te
289 4148 565 4257 ipsumjudicare
583 4153 662 4226 inde
677 4151 852 4244 conficio,
875 4153 970 4251 quod
987 4178 1066 4251 pag.
1086 4164 1159 4249 675
1188 4180 1222 4228 n.
1241 4164 1301 4239 96.
1324 4155 1383 4228 ubi
1400 4165 1473 4255 ego
1484 4157 1669 4232 citaveram

138 4256 339 4348 Cognatum,
370 4276 409 4328 tu
427 4277 529 4325 manu
544 4272 603 4325 tua
617 4251 775 4324 addidisti
791 4275 999 4348 praenomen
1013 4254 1098 4325 uilo.
1114 4250 1177 4324 etsr
1190 4254 1240 4336 ibi
1256 4252 1390 4325 nullum
1409 4253 1601 4352 periculum
1620 4254 1669 4328 es·

135 4350 183 4432 set
202 4354 343 4422 errandi.
390 4351 483 4424 Tam
500 4352 633 4424 minuta
647 4351 779 4448 carpis,
804 4349 917 4438 dices3
944 4349 1055 4422 fatcor
1068 4398 1092 4442 ,U
1105 4348 1159 4422 sed
1175 4354 1238 4448 ,qui
1255 4371 1312 4427 tot
1328 4352 1523 4425 cumulatos
1537 4377 1668 4427 errores

136 4448 350 4539 committis,
366 4445 527 4521 debueras
543 4451 728 4523 humanior
742 4448 777 4519 in
794 4448 939 4522 aliorum
957 4447 1105 4546 lapfibus
1119 4448 1233 4522 multo
1252 4450 1494 4524 minutioribus
1508 4452 1668 4524 notandis

134 4546 210 4621 esse.
234 4547 371 4619 Mirum
384 4566 465 4615 vero
477 4543 558 4616 haec
572 4549 685 4620 amico
695 4552 842 4642 tuo‚qor'
857 4555 904 4619 ito
922 4564 994 4618 tuor
1009 4549 1121 4631 dubios
1137 4551 1605 4643 conjertoroscrmprobooir‚or
1615 4573 1668 4622 no·

112 4651 180 4720 nis
194 4649 353 4720 rationum
368 4646 528 4718 mamonis
542 4645 587 4714 ad
601 4647 728 4738 plenam
751 4649 854 4721 velati
878 4645 1168 4743 demonstrationem
1190 4645 1237 4742 (ὂ
1252 4643 1420 4746 insignem
1436 4647 1665 4727 mathemati.

1086 4742 1133 4818 M
1152 4752 1177 4838 '3
1563 4768 1666 4839 cum,
