4064 5558
328 291 409 405 ,a
575 286 624 383 r.
682 280 1190 385 annuamus.
1227 270 1667 373 aristosa

349 402 402 541 pc
417 444 592 517 Ballistam
616 444 656 517 &
678 444 763 516 alios
773 438 1044 543 :castigit.,·-1qni
1061 439 1192 547 arsaces·
1209 432 1330 507 lexico
1349 433 1486 534 semper
1506 436 1683 537 fiduries',
1707 446 1903 553 negligunt

357 539 446 637 ipsos
463 540 588 615 sontes.
603 562 644 615 ut
659 544 709 615 ad
723 540 1081 635 BailleaiJudic.·t..1.
1097 560 1134 635 p.
1149 555 1236 629 142.
1258 556 1335 607 non
1356 532 1428 607 stne
1445 534 1661 632 stomacho,
1684 539 1757 621 sed·
1770 548 1902 621 merito

360 660 492 712 monet.

342 806 352 817 ‚
409 739 520 811 Hunc
530 737 560 811 st
577 740 789 813 monitorem
800 737 901 837 'sequi
916 732 1103 824 voluisses,
1118 755 1192 807 non
1200 752 1286 829 pag.
1304 728 1387 825 589.
1405 754 1438 803 n.
1456 752 1516 826 50.
1541 735 1712 831 Brifflmir',
1724 743 1790 838 qui
1803 766 1902 843 quo-

360 834 571 934 tiescumque
588 838 731 931 deJuris
749 836 926 911 vocabulis
940 854 1000 907 aut
1013 832 1172 905 formulis
1184 830 1357 929 agendum
1373 828 1441 919 est,
1463 829 1559 937 sidus
1576 834 1646 907 tibi
1662 834 1795 936 semper
1807 842 1905 917 adest

359 934 518 1031 adjutor,
538 932 664 1011 ,scrinia
679 934 794 1007 secure
812 934 1046 1032 compilasset,
1070 932 1115 1001 de
1126 931 1292 1001 venaliciis
1306 927 1485 999 ambitiose
1501 931 1668 1037 quaedam
1676 937 1903 1035 producens,

360 1030 397 1105 &
427 1030 526 1105 sinsus
552 1054 676 1107 contra
696 1034 854 1105 omnium
879 1032 1044 1104 codicum
1068 1026 1310 1101 ausioritatem
1332 1049 1376 1097 ex
1401 1048 1553 1123 margine
1571 1030 1693 1129 Steph.
1707 1034 1745 1107 &
1761 1036 1905 1114 Vascns,

357 1130 395 1200 in
415 1148 551 1203 textum
569 1130 771 1203 transferens
779 1134 1008 1203 venalirierior.
1035 1127 1181 1201 remittis
1195 1148 1277 1196 vero
1294 1123 1437 1195 sessores
1454 1150 1538 1196 mox
1555 1126 1598 1199 ad
1609 1136 1730 1203 Patria.
1745 1136 1902 1211 adCicrr.

360 1229 525 1299 Oratione
559 1228 613 1301 sed
628 1254 691 1301 cur
706 1254 778 1301 non
792 1228 947 1329 defignas
961 1230 1067 1316 loca,
1099 1248 1144 1297 ex
1160 1223 1284 1318 quibus
1308 1241 1419 1293 toturn
1443 1242 1561 1293 notam
1584 1244 1680 1299 tuam
1696 1230 1900 1310 instruxisti.

360 1322 457 1419 Qtia
483 1326 647 1399 nimirum
676 1326 701 1398 fi
721 1328 765 1399 ad
788 1329 996 1423 Fragmenta
1013 1322 1196 1394 Ciceronis
1211 1320 1314 1393 Orat.
1330 1343 1395 1415 pro
1416 1320 1583 1394 Cornelio
1607 1348 1671 1397 nos
1696 1328 1901 1429 absegmen,

361 1422 473 1495 statim
489 1444 523 1495 te
540 1424 707 1497 manifesti
724 1424 808 1498 furti
822 1448 918 1497 reum
944 1442 1107 1521 peragere
1127 1417 1300 1491 licuisset·
1330 1417 1500 1515 Denique
1516 1416 1539 1491 si
1566 1420 1669 1494 Plinii
1691 1423 1811 1500 locum
1837 1430 1899 1505 lib.

359 1544 436 1593 xxi.
455 1530 514 1595 26.
537 1546 640 1617 quem
667 1522 808 1595 adducit
826 1526 1021 1616 drfflnius,
1047 1514 1295 1604 consuluisses,
1328 1535 1487 1589 nontam
1513 1535 1642 1593 temere
1657 1529 1834 1599 Patricium
1848 1528 1897 1601 se·

361 1640 462 1691 cutus
477 1618 611 1694 fuisses:
639 1644 717 1691 nam
733 1622 772 1693 in
790 1622 955 1693 Harduini
969 1637 1073 1691 otram
1088 1614 1243 1688 editione
1264 1619 1451 1709 mangonicis
1466 1620 1658 1710 amasses,
1682 1643 1742 1693 aut
1760 1624 1797 1698 in
1813 1626 1897 1701 alie·

361 1740 439 1789 rum
457 1721 657 1813 mangonibus
674 1717 831 1815 legisses,
862 1716 900 1790 ἃ
917 1740 989 1789 noo
1004 1714 1144 1805 servos,
1170 1711 1226 1785 sed
1242 1732 1446 1783 mercatores
1455 1708 1636 1788 ‘serstorum
1652 1720 1787 1793 stadici
1803 1724 1897 1821 posl'e

360 1813 555 1906 didicisset,
582 1816 620 1889 de
635 1841 754 1914 parunt
773 1817 918 1906 referre,
943 1840 985 1887 an
999 1818 1191 1899 venustius,
1216 1834 1260 1881 an
1277 1814 1499 1881 venalitiarias
1515 1812 1652 1887 dicatur
1664 1840 1742 1890 ntan
1758 1846 1802 1917 ‚o
1854 1826 1898 1898 stt

361 1912 520 1985 Suetonii
542 1916 646 1988 etiam
671 1914 752 1987 loco
770 1914 813 1987 de
839 1915 991 1987 Rhetor.
1008 1916 1092 2008 cap.
1111 1905 1337 1981 artensem&
1361 1904 1433 1979 fine
1456 1908 1526 1981 ulla
1538 1912 1677 1987 'codicis
1694 1844 1897 1995 ausioritate

344 2010 574 2101 ¹Castulonem
598 2013 703 2083 etiam
726 2017 966 2083 venalirierium
989 2032 1054 2107 pro
1077 2011 1231 2079 venalitio
1247 2002 1458 2095 emendasse,
1479 2006 1645 2083 debuiss'es
1661 2010 1756 2088 seire.
1804 2018 1897 2093 Etfi

357 2104 471 2201 adbuc
485 2107 687 2197 dubitass'es,
712 2130 755 2179 ex
771 2106 1023 2206 inscriptione,
1047 2128 1150 2202 quam
1168 2100 1205 2175 &
1222 2108 1364 2197 Valesius
1380 2102 1566 2199 produxit,
1589 2109 1681 2205 apud
1698 2112 1842 2187 Gruter.
1858 2140 1896 2215 p.

347 2226 514 2277 ccccxi.
537 2228 567 2277 t.
583 2203 621 2277 sc
635 2205 709 2278 alia.
727 2230 762 2303 p.
779 2230 929 2279 cxxxvi.
947 2228 981 2301 5.
995 2204 1040 2275 .&
1057 2226 1101 2275 ex
1125 2202 1217 2273 notis
1238 2205 1361 2293 Heinsti
1384 2198 1421 2273 ὃ(
1435 2202 1566 2309 nostris
1587 2205 1629 2277 ad
1655 2208 1795 2283 Petron.
1817 2237 1896 2315 cap.

351 2324 458 2375 xxix.
474 2304 624 2375 certiora
639 2324 675 2375 te
689 2303 807 2375 doceri
821 2299 1213 2399 posseanimadvertisses
1229 2324 1237 2369 :
1265 2296 1483 2377 &dubitasse
1497 2303 1601 2375 etiam
1621 2328 1709 2397 nos,
1736 2334 1778 2381 an
1794 2334 1897 2383 vena·

356 2400 566 2485 litiasservas
580 2400 757 2475 resilealici
775 2401 883 2497 posi'et
900 2451 913 2491 ,
943 2422 1023 2471 eum
1042 2418 1139 2469 extra
1155 2395 1301 2469 dubium
1317 2396 1356 2469 stt
1372 2446 1385 2485 ,
1416 2398 1465 2468 ita
1478 2400 1581 2492 posse
1596 2426 1775 2499 mangonem
1789 2432 1899 2481 voca-

356 2496 398 2567 ri.
445 2499 596 2571 Temere
612 2520 697 2595 ergo
714 2498 753 2571 ὃ(
767 2497 926 2572 audasier
950 2496 1054 2569 verba
1067 2495 1170 2571 Fabri
1185 2512 1325 2591 recepta
1334 2491 1377 2568 ,ἂ
1393 2490 1467 2567 sana
1486 2496 1627 2592 refingit
1640 2520 1676 2589 ‚··.
1688 2502 1813 2573 nullius
1831 2528 1898 2577 co-

354 2592 442 2665 dicis
457 2595 661 2669 austeritate
683 2596 857 2687 munitus,
883 2594 921 2667 &
934 2614 1107 2693 praeterea
1123 2590 1241 2665 fraude
1263 2616 1335 2663 non
1357 2590 1533 2666 toleranda
1550 2620 1669 2669 omnes
1685 2597 1895 2698 scriptorum
1927 2602 1933 2609 ’

346 2690 394 2773 ,δε
420 2690 594 2765 editorum
616 2694 780 2767 codicum
808 2702 980 2789 (quorum
997 2692 1121 2765 nullus
1145 2690 1249 2763 habet
1271 2692 1512 2780 venalitiarii,)
1537 2695 1769 2789 variationes,
1796 2724 1815 2770 a
1838 2720 1897 2775 me

356 2788 542 2885 produslas
560 2790 729 2882 recidisti,
750 2809 885 2887 praeter
905 2789 1064 2873 Locatel.
1078 2787 1121 2864 .&
1139 2789 1243 2876 Aldi,
1258 2788 1330 2889 ¹qui
1348 2806 1463 2861 tamen
1478 2791 1589 2863 ,etiam
1607 2797 1758 2865 venalitii
1782 2796 1899 2873 edida-

352 2906 453 2961 runt.
968 2922 973 2931 ·
1003 2950 1006 2955 .
1098 2920 1115 2959 .·
1335 2914 1340 2923 “

406 2986 493 3083 Pag.
509 3006 595 3080 425.
609 3014 644 3060 n.
664 3012 743 3085 172.
763 3012 807 3061 ex
824 2989 1005 3063 Thesauro
1021 2988 1196 3079 stephani,
1220 3004 1262 3057 ut
1279 2984 1526 3081 corrumpendi
1536 2984 1657 3061 locum
1677 2990 1773 3063 Fabii
1792 2993 1899 3069 habe·

347 3104 410 3159 :res
434 3082 703 3177 austoritatem,
727 3084 763 3155 &
777 3094 845 3182 'pro
864 3090 1009 3157 aeaeae
1027 3134 1040 3173 ,
1072 3083 1187 3153 ederes
1204 3106 1263 3151 uno
1280 3090 1353 3151 aeia
1367 3086 1444 3167 rei,
1477 3084 1593 3153 locum
1613 3085 1715 3155 Plinii
1730 3089 1895 3187 adducis,

360 3180 397 3250 ὃ(
415 3180 543 3279 reliqua
556 3183 788 3257 exThesanro
801 3186 896 3255 Fabri
910 3180 947 3254 δε
960 3183 1121 3253 Torrertii
1137 3176 1230 3248 notis
1243 3174 1287 3247 ad
1303 3178 1401 3249 Suet.
1411 3180 1504 3276 Aug.
1517 3198 1572 3275 32.
1596 3180 1644 3252 Et
1659 3200 1700 3253 ut
1716 3182 1831 3261 fatuae
1848 3192 1895 3264 lo

348 3278 470 3351 ssioni
484 3280 639 3353 colorem
655 3281 873 3371 obduceres,
898 3282 1057 3375 ,ineptam
1073 3275 1342 3373 explicationem
1360 3276 1463 3345 etiam
1484 3276 1621 3349 Gallica
1639 3304 1727 3352 voce
1743 3284 1898 3365 illustrat.

363 3373 431 3447 Sed
452 3398 524 3449 non
547 3380 697 3473 cepisti,
727 3376 918 3451 doslislrme
934 3378 1101 3463 Rhetor‚
1135 3374 1294 3445 Suetonii
1322 3373 1453 3445 locum.
1502 3375 1593 3445 Non
1616 3378 1708 3449 enim
1733 3390 1823 3457 asina
1840 3382 1897 3459 'rai-

362 3496 436 3544 ram
451 3470 528 3547 sunt
543 3474 593 3547 ibi
607 3478 650 3549 Its
664 3478 854 3567 audientes,
889 3474 945 3545 sed
969 3474 1039 3545 dies
1054 3479 1231 3567 ,aperissem
1259 3467 1372 3573 salli,
1398 3468 1522 3566 quibus
1541 3474 1597 3569 jus
1619 3474 1735 3549 dicere
1754 3479 1802 3553 sas
1823 3502 1896 3557 erat

360 3570 516 3645 Praetori
536 3622 547 3661 ,
579 3570 617 3643 bc
633 3571 849 3672 litigantibus
863 3570 1073 3645 caussas-suas
1093 3618 1107 3659 ,
1133 3568 1203 3643 five
1218 3590 1268 3641 res
1284 3590 1396 3667 agere.
1447 3568 1611 3643 Ridicule
1631 3596 1714 3646 uero
1732 3578 1891 3669 veriritas,

362 3668 476 3765 posito
492 3670 595 3743 etiam
611 3670 794 3763 asterisco,
826 3672 887 3768 qui
904 3691 945 3743 te
961 3666 1281 3743 au&01·emindicat
1297 3716 1310 3756 ,
1342 3664 1594 3741 dislinslionem
1612 3718 1624 3759 ,
1648 3695 1741 3767 ¹quae
1758 3676 1885 3749 nullum

353 3764 421 3835 .vel
436 3766 593 3863 ineptum
608 3765 736 3839 sensum
752 3768 847 3840 facit.
899 3768 1043 3839 Vera&
1059 3761 1279 3837 unica'ltslio
1296 3761 1521 3837 &disiinslio
1540 3765 1624 3843 haec
1640 3770 1712 3861 eli,
1730 3770 1891 3868 persanare

363 3862 530 3956 nonfacile
539 3864 622 3957 paffe
637 3870 716 3956 rei,
731 3871 836 3961 utique
853 3870 887 3937 in
903 3874 1072 3952 aarum,
1095 3864 1238 3935 incidere.
1452 3926 1455 3935 .
1761 3878 1764 3883 '
1878 3894 1881 3899 ·

412 3962 496 4057 Peg.
511 3968 560 4035 66
565 3987 595 4035 z.
615 3986 650 4034 n.
664 3972 725 4059 76.
741 3962 825 4035 dnm
842 3963 926 4059 quid
943 3960 984 4035 srt
999 3962 1164 4057 rescribere
1179 3959 1329 4057 explicas
1345 4010 1372 4051 ,.
1389 3964 1506 4035 omnia
1522 3966 1817 4063 qnae-producis,
1850 3970 1897 4041 erl

364 4056 543 4131 Thesauro
559 4063 658 4135 Fabri
678 4056 756 4135 sunt
779 4059 975 4158 descripta,
998 4082 1085 4159 quae
1103 4076 1140 4131 te
1165 4059 1266 4159 nullis
1280 4058 1371 4148 aliis,
1394 4058 1457 4131 nisi
1475 4062 1722 4156 Lexicornm,
1745 4062 1901 4141 subsidiis

357 4157 439 4245 uti,
464 4156 603 4231 docent.
652 4160 700 4233 Pa
728 4214 736 4231 .
751 4169 834 4245 669.
851 4184 885 4232 n.
899 4183 960 4244 91.
987 4184 1069 4231 cum
1083 4180 1153 4256 ego
1167 4154 1353 4253 suspectam
1371 4158 1457 4229 mihi
1471 4164 1667 4233 lucrativam
1680 4186 1801 4257 operam
1819 4188 1900 4236 mo·-

359 4254 507 4329 nuissem
525 4306 538 4344 ,
564 4282 642 4355 pag.
658 4182 741 4353 95}
767 4282 880 4357 neque
893 4278 942 4331 ,tu
959 4261 1061 4331 etiam
1079 4258 1267 4330 intextum
1284 4256 1435 4352 recipere
1449 4256 1544 4327 austes
1558 4255 1698 4349 fuisses,
1723 4280 1763 4347 ut
1781 4282 1898 4335 tamen

357 4350 452 4437 mihi
472 4352 706 4445 obtresiares,
730 4382 775 4431 ex
801 4358 938 4431 Lexlco
958 4360 1119 4451 Brfflnii.
1133 4350 1569 4442 tibi-aduocataJCtorum
1595 4356 1799 4432 austeritate
1821 4384 1901 4433 eam

360 4447 549 4529 defendere
563 4475 708 4525 conaris.
742 4454 828 4541 Sed,
853 4455 877 4525 fi
893 4459 949 4527 vir
962 4455 1063 4544 esses,
1088 4476 1159 4525 non
1174 4474 1218 4523 ex
1234 4452 1310 4523 aevi
1326 4448 1718 4529 deteriorisausioribus
1732 4458 1769 4531 ὅ(
1783 4460 1901 4551 lctis,

367 4544 423 4619 sed
437 4570 482 4619 ex
497 4546 669 4621 Cicerone
689 4570 748 4621 aut
763 4554 837 4644 ejus
851 4552 1044 4644 aequalibus
1070 4550 1215 4644 probare
1233 4544 1415 4638 debueras,
1441 4568 1511 4621 tam
1530 4549 1698 4647 plebeiam
1716 4576 1838 4626 vocem
1856 4557 1903 4631 ab

358 4644 533 4743 elegantis
544 4646 622 4731 aevi
637 4644 861 4743 scriptoribus
877 4644 974 4723 fuisl'e
987 4666 1134 4725 amatam
1150 4694 1166 4739 ,
1198 4664 1263 4721 nec
1285 4645 1517 4751 multiplicare
1532 4648 1666 4747 ineptas
1674 4672 1904 4765 ‚argumenta-

1826 4770 1906 4827 tto·
