4064 5558
492 323 580 413 AD
628 319 729 409 CL.
780 315 1510 419 CAPPERONNERIUM.
1720 337 1785 424 81·

221 470 290 575 'nis
311 485 466 588 dicisque
488 480 685 587 hujusmodi
701 477 969 553 controversiam
986 502 1058 550 non
1085 480 1222 579 majoris
1236 479 1302 553 esse
1318 485 1515 575 momenti,
1540 505 1644 582 quam
1659 482 1774 575 illam,

237 615 357 672 utrum
373 595 509 682 optimus
526 588 710 669 maximus,
734 604 778 651 an
792 595 933 673 optumus
948 603 1116 650 maxumus
1135 577 1176 651 sit
1190 579 1416 654 scribendum.
1470 584 1622 681 Egregie
1638 607 1721 657 vero
1738 584 1776 657 δε

239 691 344 770 docte
354 692 363 765 !
375 688 412 761 Si
428 687 460 758 le
489 683 562 756 isses
577 680 860 753 summiGrourvir'
873 676 1049 749 Diatribes
1065 677 1151 749 Stat.
1159 703 1232 775 cap.
1243 687 1279 751 6.
1295 677 1422 751 discere
1438 682 1601 778 potuisses
1613 687 1798 775 fimulure„

241 794 285 868 de
302 786 444 890 pisturis
518 780 634 852 statuis
647 776 740 866 dici,
757 774 879 846 eodem
896 775 1003 846 modo
1020 794 1060 848 ut
1075 784 1219 866 mentiri,
1236 777 1376 873 fingere,
1393 783 1538 872 irritari,
1554 804 1618 853 nec
1635 786 1779 876 aſsmr'lr's

243 891 336 993 posse
352 884 498 963 verbum
517 880 587 951 hoe
602 876 768 960 derivari,
793 871 919 944 sedilia
933 878 1101 967 ſsrnr'lure,
1127 875 1333 968 udstmr‘lure,
1349 880 1514 969 stmilacra
1530 879 1596 953 esse
1612 903 1721 952 novae
1737 879 1776 950 ὃς

243 989 353 1064 malae
366 983 497 1056 formae
514 974 665 1051 verba&
681 972 811 1044 sarreiae
824 972 1021 1068 antiquitati
1036 975 1215 1071 ignorata,
1234 970 1290 1044 sed
1304 971 1450 1047 furcillis
1461 1000 1504 1048 ex
1514 977 1620 1060 Latio
1637 978 1778 1074 ejicien-

247 1088 302 1161 da.
325 1081 459 1156 Possem
466 1077 530 1151 tibi
540 1071 584 1166 ,sr
599 1071 807 1145 aGermano
815 1067 944 1141 discere
957 1070 1078 1160 velles,
1088 1089 1272 1168 patronum
1283 1088 1362 1144 tuae
1378 1071 1572 1146 inscientiae
1580 1075 1678 1167 dare,
1689 1079 1779 1148 Bur·

253 1185 381 1271 rhium,
399 1175 454 1250 sod
467 1197 558 1248 nunc
574 1194 646 1242 non
663 1187 762 1242 vacat
778 1170 850 1265 ejus
864 1166 1010 1265 scripta,
1036 1170 1072 1240 in
1089 1167 1214 1266 quibus
1228 1168 1281 1242 bis
1294 1188 1388 1242 terve
1405 1171 1475 1245 hoe
1488 1174 1584 1274 egit,
1607 1175 1779 1248 evolvere.

300 1281 382 1377 Pag.
397 1273 482 1371 484.
496 1296 529 1345 n.
541 1294 553 1343 ι
566 1290 620 1366 39.
639 1268 698 1340 lib.
716 1291 793 1338 vrri.
810 1288 885 1361 cap.
905 1286 936 1360 3.
950 1262 1162 1364 obloquendi
1180 1266 1236 1339 Cl.
1254 1269 1430 1360 Obrechtu,
1453 1269 1491 1342 ἃ
1503 1273 1613 1362 mihi,
1631 1297 1712 1345 eum
1728 1272 1778 1344 sc-

250 1397 357 1466 curo,
374 1373 507 1463 studio,
525 1368 683 1442 inanibus
697 1364 808 1435 verbis
823 1363 944 1460 imples
962 1383 1105 1455 notam,
1131 1364 1168 1437 ὅ(
1180 1364 1354 1439 Leidensrs
1368 1368 1528 1441 editionis
1555 1373 1634 1465 (cui
1649 1395 1706 1443 me
1720 1371 1781 1443 ad-

246 1473 377 1548 dietum
397 1468 495 1543 fuisse
514 1469 618 1540 toties
640 1463 866 1537 calumniatus
883 1463 940 1536 es)
967 1462 1119 1560 ineptam
1144 1462 1328 1538 sessionem
1349 1465 1386 1537 &
1402 1466 1688 1561 distinetioncm,
1713 1494 1779 1541 un·

246 1571 290 1645 de
303 1571 417 1643 nullus
434 1566 547 1639 sensus
564 1565 693 1655 oritur,
717 1558 879 1634 defendis.
906 1558 1024 1632 Verba
1040 1560 1137 1634 Fabii
1154 1560 1253 1653 sunt,
1270 1563 1412 1658 serirefl
1436 1582 1526 1639 vetur
1542 1567 1680 1663 quaeso,
1703 1569 1782 1663 quid

209 1703 214 1709 ·
246 1671 354 1764 neceffl
367 1670 410 1760 ιβ
427 1665 530 1738 dicere
543 1664 670 1759 oppido,
696 1685 754 1754 quo
764 1654 836 1747 sunt
851 1657 1076 1752 ustfirperiurer
1094 1660 1164 1740 &a
1214 1663 1276 1733 Tu
1291 1661 1361 1734 edis
1377 1662 1413 1734 ὃ(
1427 1662 1626 1764 distinguis,
1641 1666 1782 1762 sertrrest

245 1785 338 1842 vetus
365 1762 504 1859 Qraeso
525 1788 532 1833 ε
565 1762 642 1856 quid
660 1759 770 1852 nereffe
785 1758 826 1850 ιβ
840 1757 969 1828 diceres
994 1756 1169 1854 Oppido,
1194 1783 1252 1854 quo
1263 1761 1343 1854 fient
1358 1767 1403 1854 rest
1418 1763 1485 1843 &a
1497 1762 1696 1857 superiores,
1721 1789 1777 1834 ve·

244 1891 315 1940 reue
335 1881 372 1938 nt
384 1866 461 1958 jum
480 1886 541 1934 uon
557 1859 651 1954 ferat
671 1855 843 1952 quisquam.
895 1852 1004 1946 Quafi
1021 1858 1065 1925 de
1087 1856 1267 1953 antiquato
1287 1856 1395 1930 verbo
1411 1861 1551 1954 quaeso,
1576 1860 1668 1933 unde
1684 1885 1781 1956 quur·

238 1963 343 2061 sere,
373 1987 439 2060 pro
463 1983 535 2056 quo
559 1980 653 2028 nunc
668 1978 845 2048 quaerere,
880 1950 917 2023 &
942 1953 1065 2024 deinde
1089 1979 1180 2028 nova
1203 1956 1240 2027 in
1263 1956 1406 2054 periodo
1432 1955 1475 2029 de
1499 1969 1544 2054 τῷ
1568 1961 1673 2052 oppido
1690 1979 1781 2059 agat.

248 2061 316 2138 Sed
335 2064 485 2158 primum
504 2054 701 2156 rogote&
727 2049 972 2124 conscientiam
990 2070 1114 2140 tuam,
1136 2077 1179 2124 an
1204 2073 1276 2127 tum
1300 2057 1458 2152 ineptum
1478 2055 1595 2130 credas
1611 2056 1781 2151 Fabium,

245 2179 288 2234 ut
312 2158 396 2232 srde
417 2166 460 2250 τῷ
480 2158 590 2253 quaeso
614 2151 764 2251 egisset,
790 2173 861 2222 non
884 2149 976 2221 aliud
991 2151 1033 2223 ab
1049 2149 1108 2222 usu
1125 2151 1231 2321 longe
1253 2156 1418 2225 remotius
1435 2155 1579 2227 verbum
1603 2155 1781 2230 addidisset

248 2258 343 2330 idem
372 2251 566 2353 significans
591 2251 668 2348 post
695 2250 728 2321 el
748 2250 875 2336 dicere,
900 2272 984 2320 cum
1011 2272 1103 2320 nunc
1130 2248 1186 2322 sen
1200 2274 1238 2322 us
1262 2248 1302 2322 fit
1328 2249 1548 2347 impersedtus
1567 2254 1602 2323 in
1625 2253 1691 2325 illis
1707 2255 1786 2347 quid

245 2353 359 2448 ιιιιιβι
388 2354 430 2445 ιβ
456 2349 594 2423 dicere?
629 2347 684 2418 sed
712 2346 794 2444 quia
819 2365 858 2417 tu
887 2346 1025 2447 ignoras
1048 2350 1224 2446 antiquius
1244 2360 1286 2445 τῷ
1308 2350 1416 2451 quaeso
1439 2349 1606 2442 verbum,
1633 2350 1781 2424 maluisti

246 2441 375 2525 sensum
395 2449 529 2522 satuum
546 2446 767 2540 relinquere,
793 2467 897 2541 quern
917 2445 1072 2542 l'upplere
1096 2471 1166 2518 non
1191 2466 1337 2544 poteras.
1389 2450 1481 2521 Cum
1508 2447 1550 2521 fit
1569 2449 1783 2546 egregius&

248 2549 421 2649 perferens
438 2549 475 2617 in
495 2569 571 2619 meu
587 2544 624 2616 ὃ(
640 2543 816 2617 Obrechti
837 2541 986 2614 lestione
1003 2576 1019 2633 5
1039 2545 1123 2616 nim.
1134 2544 1219 2638 saris
1238 2567 1309 2615 non
1331 2545 1396 2616 esse
1418 2567 1533 2616 recens
1549 2547 1781 2639 vocabulum,

249 2647 305 2721 ed
324 2665 449 2735 vetus,
475 2668 539 2717 nec
555 2665 672 2716 tamen
695 2666 738 2713 ex
763 2641 823 2713 illo
844 2664 971 2738 genere
989 2643 1211 2739 antiquorum
1229 2642 1512 2732 vocabulorum,
1538 2667 1625 2741 quae
1639 2666 1682 2716 ex
1699 2645 1783 2718 ulti·
1886 2722 1891 2729 ,

249 2748 314 2819 mis
345 2746 490 2857 repetita
523 2739 670 2815 tenebris
703 2763 797 2811 nunc
831 2739 959 2812 iterum
991 2741 1028 2812 in
1059 2739 1154 2813 usum
1180 2762 1418 2832 revocantum
1454 2740 1601 2840 ideoque
1625 2744 1784 2839 antiqua·

250 2845 320 2918 rios
341 2844 406 2916 esse
428 2842 464 2913 δι
488 2839 703 2914 affedlatores
725 2835 887 2912 sermonis
907 2836 1080 2929 obsoleti,
1107 2840 1166 2935 qui
1191 2843 1299 2933 oppidu
1316 2863 1380 2938 pro
1400 2840 1485 2935 surr'r
1508 2863 1601 2912 nunc
1617 2840 1792 2934 ambitio<

253 2943 287 3013 se
307 2957 423 3012 amant
445 2939 510 3009 uti.
556 2939 623 3012 Sed
649 2963 720 3009 non
744 2935 925 3035 percepisti
947 2961 1063 3009 veram
1088 2937 1185 3009 Fabii
1208 2958 1393 3030 mentem,
1417 2959 1480 3009 nee
1505 2961 1616 3010 meam
1646 2937 1784 3033 exposi-

255 3039 413 3125 tionem,
438 3059 516 3107 nam
531 3036 620 3132 fieris
642 3061 714 3108 non
730 3034 766 3105 in
783 3034 836 3107 his
854 3034 966 3108 verbis
987 3037 1167 3110 communi
1185 3035 1440 3136 fignificationc
1450 3061 1519 3136 pro
1540 3033 1664 3110 abunde
1679 3036 1782 3112 debet

249 3137 347 3234 capi,
370 3131 426 3206 sed
442 3159 507 3232 pto
524 3136 643 3224 valde,
667 3154 708 3206 ut
721 3132 815 3230 apud
832 3133 967 3207 T1bu11.
986 3161 1106 3209 11.v11.
1126 3158 1179 3232 35.

510 3229 616 3327 ,Tune
629 3235 689 3303 rili
703 3235 771 3303 leua
783 3252 890 3323 precor
907 3233 1013 3319 diras,
1027 3232 1114 3327 βιιιι
1126 3237 1226 3304 arecia
1240 3235 1339 3304 vivas
1349 3258 1362 3304 .·

249 3327 428 3427 Ubi'post
445 3334 652 3418 ferrerium,
678 3328 796 3400 multis
821 3328 855 3400 id
879 3351 978 3401 exem
1009 3330 1048 3402 lis
1072 3329 1217 3427 probare
1240 3331 1471 3424 Broukhuſsum
1493 3328 1610 3404 videre
1633 3335 1782 3429 poteris,

242 3426 277 3503 fi
292 3428 359 3502 tibi
373 3427 464 3501 ullus
486 3428 606 3502 talium
625 3425 832 3525 scriptorum
858 3424 934 3500 usus
950 3354 1011 3501 es.
1056 3427 1133 3518 Jam
1150 3451 1236 3526 ergo
1258 3428 1346 3502 dicit
1365 3429 1515 3520 Fabius,
1543 3429 1566 3504 fi
1584 3456 1647 3528 pro
1664 3435 1782 3520 valde,

248 3525 353 3598 liceat
369 3523 483 3599 dicere
494 3527 719 3622 antiquorum
737 3549 834 3598 more
840 3524 953 3619 fietis,
979 3524 1063 3623 quid
1078 3551 1165 3624 opus
1182 3526 1231 3599 est
1249 3527 1353 3620 oppido
1372 3529 1405 3600 in
1422 3527 1518 3619 usum
1536 3551 1715 3618 revocare,
1742 3549 1783 3602 ut

247 3622 389 3722 quidam
415 3622 604 3722 paullulum
627 3643 785 3722 tempore
803 3624 902 3697 Fabii
925 3621 1111 3723 superiores
1128 3622 1313 3696 seccrunt?
1339 3625 1405 3696 Sed
1421 3625 1479 3697 has
1493 3626 1700 3699 Latinorum
1717 3652 1780 3700 vo·

244 3719 451 3795 cabulorum
465 3725 555 3796 vires
572 3721 608 3795 ὃ(
624 3721 700 3796 usus
717 3748 798 3795 cum
815 3724 979 3821 ignores,
1001 3720 1102 3795 audes
1117 3739 1232 3795 tamen
1252 3719 1467 3795 confidenter
1482 3720 1678 3815 affirmare,
1701 3726 1784 3797 nihil

247 3820 362 3892 hurum
377 3826 411 3892 iu
424 3820 500 3895 satis
513 3824 645 3911 cudere,
672 3827 721 3895 eui
733 3848 819 3894 nemu
836 3847 986 3918 umquam
1002 3820 1192 3916 vetustatem
1207 3826 1307 3894 ullum
1318 3826 1420 3915 potuit
1438 3823 1572 3915 objicere.
1607 3824 1698 3894 Non
1716 3823 1780 3894 ob·

244 3917 532 4015 jicitvetustatem
542 3903 1779 4018 Fabius,sedcasignificationequaoppffldest,prooulde,satisvetus

249 4015 342 4106 effe,
369 4016 406 4088 &
425 4018 526 4092 simul
546 4016 765 4097 retinendum
782 4021 817 4088 in
830 4015 893 4089 usu
909 4016 974 4089 else
988 4018 1170 4090 contendit
1186 4019 1395 4092 vocabulum
1412 4068 1424 4107 ,
1450 4017 1619 4114 &inepta
1641 4016 1777 4092 affuera-

254 4112 345 4186 tione
358 4114 445 4213 ipsr,
471 4117 508 4190 in
531 4112 765 4216 significatus
782 4118 899 4208 valde,
921 4113 1069 4213 supponi
1090 4118 1194 4210 oppidu
1218 4118 1446 4213 antiquatum.
1496 4116 1580 4187 Nec
1596 4118 1673 4211 post
1691 4118 1778 4189 hanc

250 4212 413 4309 puerilem
435 4217 713 4289 criminationem
738 4214 860 4308 cessare
882 4235 980 4311 potes
1003 4216 1046 4286 ab
1070 4214 1203 4305 altera,
1228 4236 1295 4310 qua
1314 4216 1349 4285 in
1370 4232 1453 4283 nota
1477 4235 1551 4285 mea
1568 4213 1678 4287 censes
1698 4219 1781 4288 illud

235 4313 428 4384 eucouuou
453 4311 603 4400 (scilicet
628 4314 865 4414 ignorantibus
880 4314 1007 4388 Latine
1029 4311 1191 4384 sermonis
1215 4309 1333 4394 usum)
1360 4334 1547 4404 occurrere,
1571 4314 1653 4408 quod
1667 4320 1778 4406 purti-

243 4410 349 4480 culum
362 4407 419 4480 sed
436 4417 521 4479 iutra
534 4412 593 4503 seu
603 4414 676 4506 fere
692 4418 846 4486 linearum
872 4411 1081 4509 (elegantius
1091 4407 1254 4487 ¹dicerent
1271 4409 1328 4483 alii
1342 4409 1509 4504 versuum)
1527 4411 1669 4505 spurium
1683 4418 1776 4506 quin·

238 4511 328 4598 quies
356 4505 546 4601 usturparim.
598 4509 746 4583 Gaudeo
770 4536 839 4585 non
863 4529 926 4583 tuo
947 4508 1089 4582 arbitrio
1113 4505 1156 4579 de
1179 4507 1368 4582 Latinitate
1391 4511 1675 4603 pronuntiaturos
1703 4513 1775 4597 cius

244 4605 404 4694 peritos,
430 4599 485 4671 sed
502 4600 575 4675 aliis
592 4603 796 4680 Aristarchis
844 4610 936 4683 otius
957 4631 997 4682 ac
1024 4609 1185 4681 uicturos.
1236 4608 1272 4679 Si
1297 4606 1446 4706 dignaris
1470 4607 1635 4704 respicere
1654 4626 1773 4679 noram

244 4719 358 4774 meam
373 4699 415 4775 ad
429 4699 627 4779 Declamat.
644 4707 811 4784 eccuni
857 4709 908 4785 bis
924 4731 981 4785 me
1031 4709 1067 4784 'is
1082 4703 1397 4876 magistrisLusum,
1423 4711 1582 4802 Heiuſse,
1607 4704 1644 4777 δι
1658 4709 1774 4777 Grene

706 4860 711 4865 .
1695 4827 1774 4890 vro,
