4064 5558
461 327 555 415 AD
600 310 1478 409 ct..cnPPen0NNn1t.1ttM.
1555 308 1558 313 ’
1722 336 1782 435 53²

241 514 334 579 rare,
360 483 417 560 sed
434 480 682 582 quodcumque
696 471 754 545 ille
769 470 918 558 erravit,
943 467 1030 541 mibi
1047 463 1256 558 adscribere,
1274 469 1342 566 'qui
1357 489 1424 540 nec
1437 486 1541 543 notas
1555 468 1627 543 illas
1644 475 1789 571 primus

241 587 422 686 produxi,
448 581 485 655 dc
500 575 640 650 coaslus
658 571 760 644 tertia
772 573 840 667 jam
862 566 1017 639 editione
1037 588 1092 637 eas
1106 586 1300 655 renovare,
1323 564 1486 639 ledtorem
1507 568 1550 640 de
1565 591 1680 643 earum
1699 588 1785 672 pre·¹

240 690 292 758 tio
308 684 460 768 monui,
488 694 614 769 meque
631 694 703 742 non
721 664 836 763 magni
860 664 931 736 illas
953 662 1066 735 sacere
1086 659 1251 757 professus
1269 660 1355 736 sum.
1402 664 1470 737 Sed
1485 667 1566 763 quia
1581 690 1644 739 nuc
1660 676 1774 745 otium

239 807 305 855 nec
324 782 484 855 voluntas
507 771 593 844 milti
620 788 690 838 emt
712 766 829 836 omnia
852 762 1043 857 carpendi,
1071 760 1186 831 necin
1209 758 1461 857 indagandis&
1480 762 1691 863 corrigendis
1709 769 1773 841 ob·

237 879 421 951 'scarorum
439 870 620 944 bominum
638 863 808 934 erroribus
823 859 969 955 gloriam
989 856 1085 929 fitam
1103 855 1168 927 elle
1190 879 1349 954 magnam
1374 878 1433 930 aut
1452 861 1638 935 utilitatem
1656 864 1772 938 crede·

240 978 349 1066 bam,
376 971 499 1043 multas
523 960 702 1061 praeterii,
729 957 772 1028 ad
791 980 872 1053 quas
888 954 1016 1027 nullam
1034 954 1177 1048 apposui
1203 973 1333 1027 notam.
1383 958 1468 1028 Nec
1491 958 1645 1058 fatigabo
1668 966 1773 1037 etiam

244 1096 339 1147 nunc
356 1069 498 1145 lediore's
522 1064 580 1133 lon
607 1083 630 1128 o
652 1055 813 1151 catalogo
830 1053 867 1125 ὃ(
887 1051 970 1124 serie
984 1071 1145 1122 notarum
1162 1051 1491 1145 Turncbianarum,
1542 1080 1599 1129 uas
1622 1079 1680 1130 aut
1704 1084 1773 1159 ego

246 1172 412 1256 correxi,
436 1180 495 1235 ant
511 1179 549 1229 tu
571 1082 640 1227 sala
662 1151 806 1227 libidine
832 1174 877 1221 cx
897 1151 1004 1222 aliena
1025 1146 1164 1219 infamia
1179 1142 1417 1224 inclarescendi
1442 1081 1618 1243 attolens,
1641 1154 1696 1227 sed
1711 1182 1772 1230 ex·

248 1267 407 1337 stantiora
426 1254 589 1356 quaedam
608 1250 686 1323 loca
701 1248 892 1347 producam
911 1297 922 1334 ,
947 1246 1040 1319 unde
1058 1244 1094 1315 &
1115 1246 1320 1341 protervitas
1337 1269 1398 1320 tua
1414 1250 1451 1321 &
1470 1248 1568 1322 simul
1585 1254 1638 1322 ine
1665 1256 1773 1328 tiendi

242 1356 453 1432 consuetudo
469 1367 630 1447 appareat
647 1397 659 1438 ,
684 1344 722 1418 &
738 1346 923 1443 praecipue
946 1340 1151 1441 iniquissima
1168 1341 1336 1415 calumnia
1353 1396 1365 1433 ‚
1391 1371 1459 1442 qua
1476 1348 1563 1419 mihi
1581 1278 1703 1423 millies
1718 1376 1771 1426 er·

238 1479 329 1528 rores
348 1452 480 1527 Turnebi
497 1448 535 1520 ἂ
552 1446 699 1519 aliorum
717 1444 968 1540 interpretum,
991 1464 1078 1537 quos
1093 1462 1160 1537 ego
1177 1439 1298 1537 reliqui
1315 1443 1683 1535 nemausensem
1701 1475 1772 1523 non

241 1575 379 1627 verens.

289 1650 372 1723 Lib.
388 1671 423 1720 x.
439 1670 514 1743 cap.
539 1668 568 1715 r.
585 1664 665 1741 pag.
682 1648 707 1713 6
713 1636 769 1808 ²³8.
794 1634 1054 1711 tuaeeditionis
1071 1631 1229 1711 Turnebus
1254 1661 1315 1734 per
1337 1663 1489 1711 errorem
1507 1639 1675 1741 insignem
1694 1652 1775 1721 Ger·

240 1752 420 1831 muricum,
444 1745 544 1843 cujus
560 1741 687 1813 Fabius
702 1740 713 1808 i
740 1739 749 1807 i
763 1732 925 1808 meminit
940 1783 953 1824 ,
979 1732 1022 1804 de
1039 1736 1221 1807 Germanica
1238 1734 1402 1830 Caesare,
1430 1744 1530 1833 Drufi
1541 1742 1643 1833 filio,
1667 1748 1773 1843 capit.

240 1847 303 1919 Tu
319 1868 353 1916 n.
369 1865 412 1936 41
423 1862 454 1939 ς.
471 1838 591 1937 adjicis
613 1831 860 1911 inutilislimam
877 1832 966 1905 banc
979 1829 1146 1903 notulam.
1199 1834 1296 1924 Cujus
1312 1858 1400 1905 error
1417 1838 1451 1907 in
1472 1854 1546 1907 nata
1560 1846 1703 1931 proxime
1718 1843 1773 1935 se·

244 1949 350 2041 quenti
367 1936 490 2013 abunde
512 1936 685 2031 refelletur.
736 1930 866 2025 Quales
889 1948 987 2001 notas
1001 1925 1098 2025 saepe
1110 1926 1219 2001 tector
1234 1928 1326 2026 apud
1343 1951 1379 2002 te
1403 1930 1584 2023 offendet,
1610 1937 1670 2009 ubi
1689 1941 1774 2011 tele-

271 2041 385 2112 abitur
400 2059 472 2107 non
487 2033 531 2105 ad
544 2027 767 2105 remotissima
781 2032 879 2114 loca,
898 2024 953 2098 sed
967 2025 1008 2097 ad
1026 2047 1165 2120 eaquae
1181 2022 1241 2097 sub
1256 2050 1365 2099 unum
1391 2030 1575 2103 oculorum
1593 2033 1701 2108 istum
1719 2062 1776 2111 ca-

245 2065 333 2209 dunt
354 2185 367 2223 ,
393 2132 429 2204 ὃ(
450 2130 579 2204 centies
602 2129 717 2228 leget,
741 2126 818 2199 vide
831 2125 1013 2221 sequentem
1029 2138 1164 2215 natum,
1188 2125 1262 2196 uide
1276 2128 1519 2217 praecedentem.
1571 2128 1638 2204 Sed
1659 2158 1707 2205 arr
1724 2156 1777 2207 ta-

244 2236 291 2308 lia
314 2232 423 2306 lector
437 2224 629 2303 monendus
651 2222 755 2297 erat?
781 2222 857 2295 Cur
872 2244 944 2293 non
962 2224 1119 2314 Columeſsr'
1141 2218 1305 2296 &meam
1327 2243 1446 2295 notam
1466 2224 1643 2319 adnedtis,
1665 2251 1725 2308 aut
1749 2231 1776 2306 fi

245 2330 358 2403 versus
382 2324 603 2422 multiplicari
624 2322 813 2421 cupiebas,
840 2316 1175 2489 fine-supervacanea
1199 2337 1258 2391 tua
1279 2320 1337 2392 illa
1361 2320 1598 2395 admonitione
1619 2326 1690 2400 illas
1711 2328 1777 2403 sta·

247 2430 312 2503 tim
328 2422 529 2523 subjungis?
556 2418 625 2495 Sed
641 2416 852 2515 exspectabit
866 2415 912 2489 sc.
928 2414 958 2487 le
998 2438 1064 2504 or,
1088 2415 1248 2487 eumdem
1263 2416 1361 2491 illum
1379 2424 1661 2511 Cuppermnerr'um
1675 2428 1711 2497 in
1727 2426 1778 2500 sed

248 2526 368 2623 quenti
385 2541 470 2597 nota
491 2519 547 2610 id,
571 2516 669 2615 quod
689 2514 893 2615 promittit,
916 2511 1052 2585 abunde
1067 2510 1320 2610 praestiturum.
1371 2515 1439 2589 Sed
1456 2518 1504 2588 ibi
1522 2523 1679 2591 Culrmrrr'
1694 2544 1778 2597 nota

248 2620 474 2720 producitur,
499 2640 567 2714 qua
582 2612 730 2711 Gyraldi
745 2610 813 2684 sola
830 2610 1035 2684 audlotitate
1051 2614 1270 2682 Domitianum
1288 2611 1552 2709 intelligendum
1567 2615 1632 2687 effe
1646 2618 1777 2694 docue-

248 2742 319 2812 rat,
345 2743 435 2887 ego,
458 2735 500 2788 ut
514 2712 615 2785 decet
632 2711 821 2783 humanum
840 2726 1150 2781 commentatorem
1169 2758 1181 2795 ,
1208 2725 1278 2779 tarn
1296 2709 1406 2807 turpis
1428 2711 1641 2808 ignorantiae
1658 2739 1777 2794 notam

249 2821 371 2893 Turne
398 2817 490 2911 ianae
506 2807 870 2883 memoriaeinurinon
888 2804 1216 2904 patior,&invi&is
1235 2809 1446 2903 argumentis
1455 2811 1558 2881 etiam
1579 2814 1690 2907 probo
1705 2820 1779 2888 Du·

252 2920 425 2987 misianum
436 2910 497 2983 bic
515 2906 716 2987 Germanici
728 2904 877 2981 nomine
892 2901 1074 2998 desrgnari.
1122 2902 1185 2973 Tu
1204 2924 1285 2975 vero
1300 2902 1388 2976 nihil
1400 2903 1540 3003 adjicis,
1563 2908 1648 3002 nist,
1665 2916 1779 3007 uidefis

253 3016 350 3081 etiam
401 3003 798 3085 uiutir'lmreraDodwellr'
814 3002 940 3072 unruks
962 3022 1047 3071 num.
1066 3022 1121 3092 23.
1148 2998 1218 3072 hoc
1242 2999 1299 3073 vel
1317 3024 1404 3098 puer
1421 3004 1588 3101 praestare
1652 3012 1777 3084 tuill'tt.

252 3106 319 3183 sed
331 3104 367 3177 bt
416 3104 583 3183 odwellam
590 3098 738 3175 refutare
755 3096 855 3170 simul
868 3094 1125 3193 debuisses,qui
1136 3096 1381 3171 Domitianum
1400 3100 1443 3171 de
1451 3102 1530 3173 Titi
1547 3104 1601 3174 bel
1616 3108 1781 3183 isPo'e'ma

251 3201 417 3315 scripsisse
428 3198 610 3312 adfirmat,
636 3195 730 3311 quod
747 3192 975 3284 falfisiimum,
1001 3193 1038 3265 &
1054 3193 1201 3279 docere,
1216 3217 1286 3311 pon
1303 3193 1412 3305 modo
1429 3219 1501 3267 non
1517 3196 1699 3311 scripsisse,
1724 3204 1783 3279 sed

253 3288 1264 3491 little:'irrestaurataelassabis
1281 3290 1584 3468 lllllrabl}
1600 3299 1782 3475 {lilii

252 3498 337 3571 baec
355 3492 510 3591 superant
531 3509 671 3587 captum
687 3509 812 3578 tuum,
837 3487 875 3559 &
891 3485 1176 3584 quotiescumque
1187 3485 1233 3559 de
1246 3488 1428 3561 dictionibus
1442 3493 1588 3562 technicis
1599 3495 1779 3586 &formu-

249 3599 291 3667 Ir's
316 3593 460 3686 loquendi
473 3586 676 3663 Rhetoricis
697 3611 716 3658 a
743 3584 821 3659 endi
846 3580 983 3657 occasio
1007 3607 1079 3657 non
1101 3582 1177 3673 est,
1203 3602 1244 3657 tu
1261 3605 1378 3659 mutus
1401 3585 1470 3657 esse
1491 3586 1573 3660 soles
1587 3588 1777 3692 interpres,

249 3714 316 3766 nec
332 3690 411 3762 alias
430 3704 562 3785 partes,
586 3707 690 3797 quam
707 3610 896 3782 direptui,
921 3680 1087 3780 praestare
1103 3690 1212 3780 potet.
1724 3730 1731 3739 ·

298 3781 697 3886 Pagin.1079.Edrt.m.
713 3779 826 3855 nescio
844 3804 913 3879 quo
928 3778 1004 3854 casu
1019 3780 1055 3852 in
1071 3779 1181 3853 media
1196 3805 1271 3855 mea
1287 3803 1371 3856 nota
1386 3808 1513 3858 nomen
1538 3784 1785 3867 TURNEB.

249 3886 407 3985 legitur,
426 3884 503 3959 boc
522 3878 597 3953 sive·
607 3876 735 3953 librarii
752 3929 764 3970 ,
780 3876 860 3953 live
874 3876 1141 3955 correctoriam
1160 3880 1409 3972 commissum,
1434 3883 1498 3956 tibi
1514 3906 1639 3955 novam
1654 3884 1775 3963 'notam

253 3980 459 4059 extrudendi
483 3977 542 4050 dat
556 3975 803 4069 occasionem,
829 3999 911 4049 cum
930 3975 1130 4073 simpliciter
1144 3976 1257 4051 delere
1273 3978 1435 4078 potuisses
1455 4007 1462 4051 :
1490 3980 1657 4055 &tamen
1676 3984 1779 4059 fimul

222 4072 227 4111 ¹
255 4083 310 4156 rel
324 4103 405 4171 tua,
430 4076 492 4169 vel
500 4076 706 4157 comestoris
727 4076 779 4148 tui
797 4073 920 4171 culpa,
944 4071 1051 4146 foedo
1066 4074 1158 4146 uitio
1170 4094 1253 4148 nota
1270 4097 1328 4149 tua
1346 4077 1562 4148 maculauit:
1590 4102 1667 4151 nam
1685 4086 1774 4155 Tur·

255 4182 323 4263 reli
338 4200 466 4251 nomen
481 4175 677 4269 delegendum
703 4181 717 4265 (
725 4170 830 4247 credo
846 4171 1029 4257 delendum)
1052 4189 1087 4242 te
1102 4170 1227 4245 curasse
1243 4223 1256 4262 ,
1280 4193 1321 4246 ut
1339 4170 1566 4269 magnificum
1581 4176 1709 4274 aliquid
1720 4183 1736 4281 j

253 4275 334 4351 aa.
360 4274 427 4349 Sed
446 4267 815 4363 cur,non,acuti{iime
829 4266 1203 4365 corrector,pag.693.
1219 4294 1253 4343 n.
1294 4293 1322 4340 t.
1334 4266 1417 4339 edit.
1431 4287 1512 4344 tuae
1524 4271 1639 4346 vidisti
1657 4296 1696 4350 te
1709 4282 1776 4352 mi-

251 4376 288 4445 hi
305 4374 464 4472 injuriam
479 4367 619 4458 secisse,
643 4368 704 4465 qui
720 4367 803 4439 loco
820 4365 980 4457 Tremebi,
1004 4385 1074 4445 tam
1092 4362 1247 4437 inamati·
1321 4367 1490 4441 conuiciis
1514 4387 1571 4442 tot
1593 4396 1614 4444 a
1636 4393 1673 4446 te
1692 4402 1776 4474 pro·

247 4472 352 4561 sciffi,
376 4490 493 4549 meum
508 4488 641 4537 nomen·
652 4463 814 4561 postristi,
838 4463 875 4537 &
888 4460 1041 4537 adfixisti
1055 4478 1157 4533 notae
1173 4460 1290 4536 inutili
1308 4463 1345 4537 dt
1360 4461 1650 4563 supervacaneae?
1670 4473 1776 4549 haec·

245 4572 324 4651 cine
338 4554 608 4664 negligentiam
623 4560 774 4633 malitia?
800 4565 875 4637 Cur
889 4561 1020 4635 centies
1035 4560 1174 4634 nomine
1188 4583 1266 4635 meo
1282 4562 1418 4655 deleto,
1442 4565 1497 4638 vel
1512 4592 1581 4641 non
1595 4567 1776 4665 appofito,

248 4687 322 4749 tuat
339 4666 425 4740 meis
441 4661 533 4743 notis
551 4660 601 4741 ita¹
622 4655 865 4753 immiscuisti,
888 4679 931 4737 ut
950 4658 1058 4739 leslot
1073 4657 1130 4737 vel
1154 4658 1240 4831 ngbi
1261 4679 1335 4737 tuas
1351 4663 1529 4760 ineptias,
1550 4664 1606 4757 rel
1625 4664 1692 4737 tibi
1709 4717 1723 4757 ‚
1747 4667 1775 4741 li

163 4778 166 4783 ·
335 4814 341 4829 .
1239 4779 1257 4859 ς
1694 4768 1785 4864 quid
