4064 5558
472 288 1520 460 aucuearrsaouusrttuu·
1744 369 1796 461 7,

254 493 352 569 Urbis
367 485 578 591 expediret,
604 484 640 555 in
654 481 738 554 duas
755 476 895 554 voculas
910 475 1087 550 contraua
1111 474 1263 567 notula,
1296 477 1417 549 Romae
1440 480 1598 554 videlicet.
1649 480 1672 556 ὂ
1692 484 1798 559 Delio

252 612 410 668 natatore
424 586 589 675 felicior,
623 582 660 655 ὃ(
676 579 775 653 nobis
790 579 941 668 utilior,
975 576 1043 649 fine
1057 598 1127 674 quo
1153 576 1190 646 in
1210 574 1280 646 hoc
1305 574 1445 648 austere
1468 588 1594 675 anostra?
1615 575 1798 657 suffocare·

254 717 344 766 mur.
802 760 805 770 ,,

304 790 368 864 Ne
382 785 460 886 quis
481 805 565 854 vero
579 777 775 867 dubitaret,
799 801 841 848 an
860 827 872 867 ,
900 772 988 846 sicut
997 767 1141 870 famosas
1157 770 1242 843 olim
1258 789 1394 844 notaret
1411 773 1582 866 infamem,
1602 775 1639 848 ὃ(
1657 779 1795 854 hodiea

252 888 375 962 multis
389 880 539 957 Gallulis
555 880 656 951 etiam
677 900 742 974 pro
756 878 866 946 celebri
881 870 1053 961 sumatur,
1070 873 1118 944 ita
1131 872 1234 943 etiam
1252 869 1467 966 ignominiosus
1482 875 1592 970 posset
1609 876 1645 948 in
1660 898 1795 951 utram·

255 1009 327 1086 que
343 1001 475 1083 partem
492 979 580 1050 inter
604 975 704 1048 retari
722 1024 734 1064 ,
761 974 823 1044 Tu
838 992 1015 1070 praecaves
1030 968 1198 1065 sapienter
1212 968 1294 1038 huie
1308 972 1416 1041 errori
1432 994 1512 1070 pag.
1524 984 1607 1066 406.
1623 998 1656 1045 n.
1677 998 1733 1048 ιο.
1752 976 1792 1051 &

259 1106 345 1155 cum
361 1102 429 1179 ego
442 1075 529 1151 nihil
543 1001 603 1146 nih
617 1075 747 1145 variare
771 1070 909 1142 codices
928 1071 964 1140 in
984 1078 1027 1159 τῷ
1049 1069 1090 1148 if?
1114 1086 1340 1158 notaveram,
1371 1067 1433 1138 Tu
1453 1072 1572 1166 adjicis
1585 1073 1737 1169 graviter
1751 1075 1790 1147 bt

256 1178 450 1258 ,Aristarchi
462 1173 610 1273 quodam
626 1169 837 1268 supercilio,
862 1170 979 1240 dicitur
991 1181 1100 1238 autem
1113 1164 1353 1263 ignominiostas,
1376 1171 1430 1261 qui
1443 1171 1554 1262 aliqua
1564 1173 1686 1262 publice
1700 1190 1791 1246 nata-

260 1296 313 1349 tus
327 1278 368 1372 est
381 1274 542 1369 infamia,
567 1294 671 1368 quam
687 1267 926 1340 definitionem
940 1265 1045 1335 etiam
1056 1265 1213 1356 Stephana
1228 1283 1291 1335 tuo
1306 1264 1447 1359 quidem
1464 1265 1565 1337 debes
1574 1299 1587 1353 3
1604 1266 1658 1339 sed
1676 1293 1719 1340 ne
1736 1273 1789 1342 vi·

257 1374 363 1445 dearis
386 1374 483 1443 illum
504 1368 638 1464 semper
651 1365 830 1462 expilare,
854 1362 917 1460 ipsr
933 1359 1091 1458 exempla
1112 1359 1257 1460 aliorum
1273 1359 1502 1460 scriptorum,
1529 1389 1614 1462 quae
1634 1367 1786 1464 profert,
1833 1394 1835 1399 ·

253 1469 418 1567 reliquisti
436 1519 447 1558 ,
475 1491 536 1540 tua
554 1483 738 1538 contentus
752 1461 989 1535 enuntiatione
1007 1460 1044 1530 &
1062 1459 1215 1531 oraculo.
1836 1549 1839 1553 .

302 1570 521 1666 Pag.400.n.
534 1566 591 1659 87.
609 1564 689 1660 quia
705 1560 874 1634 obvius&
885 1557 1047 1629 omnibus
1061 1556 1181 1629 lexicis
1197 1577 1335 1631 notatus
1352 1579 1423 1632 erat
1440 1559 1515 1633 usus
1533 1557 1629 1633 verbi
1645 1572 1785 1638 commit·
1839 1554 1844 1562 ⁸

234 1684 346 1755 tere,
373 1665 417 1735 de
432 1663 521 1753 illis,
548 1662 607 1759 q‘ui
625 1679 749 1733 eontra
767 1659 857 1769 leges
879 1657 916 1728 δε
936 1655 1048 1730 edida
1063 1676 1241 1755 peccant,
1265 1655 1455 1752 remiseram
1473 1682 1541 1757 ego
1557 1658 1720 1735 leslorem
1742 1667 1784 1736 ad

256 1766 445 1836 Caricam
466 1762 497 1833 η’.
516 1759 780 1855 lib.xur.Ep.1.
795 1756 850 1830 led
867 1756 993 1855 gratias
1010 1754 1075 1826 tibi
1093 1754 1225 1843 debeo,
1251 1757 1344 1851 quod
1358 1757 1578 1854 jejunitatem
1596 1783 1706 1835 meam
1724 1787 1786 1835 ex·

254 1862 428 1960 pleveris,
508 1880 587 1956 pag.
602 1865 688 1950 406.
711 1878 746 1925 n.
767 1881 821 1947 23.
847 1878 891 1927 ex
906 1856 1062 1929 Varrone
1081 1854 1163 1926 locu
1190 1853 1345 1925 letaveris
1371 1853 1460 1925 hanc
1488 1852 1783 1951 observationem,

254 1983 358 2059 quam
382 1981 450 2055 ego
478 1958 514 2026 in
529 1957 683 2047 Stephano
704 1978 776 2024 non
800 1952 1129 2041 animadverteram,
1226 1950 1325 2024 simul
1349 1952 1435 2024 mihi
1458 1952 1632 2025 exciderat
1658 1957 1713 2046 (id
1735 1960 1784 2030 est

252 2053 495 2141 oblituseram)
508 2053 683 2124 Tarmbum
719 2074 771 2150 ag.
784 2074 907 2149 440.n.
918 2073 977 2135 92.
988 2049 1054 2122 Ed.
1064 2048 1271 2123 tuacsrmilia
1283 2052 1356 2146 jam
1364 2050 1569 2143 observasse,
1580 2053 1628 2123 ita
1642 2073 1681 2126 ut
1690 2076 1784 2129 uter·

251 2179 321 2253 que
341 2154 448 2252 plagii
465 2147 611 2223 accusari
629 2077 825 2246 possemus,
853 2147 936 2235 sed,
962 2166 1032 2237 tu,
1058 2150 1138 2246 quia
1156 2147 1323 2219 Varronis
1340 2146 1459 2221 locum
1477 2200 1489 2240 ,
1516 2147 1586 2223 fine
1602 2155 1715 2250 capite
1737 2161 1782 2228 cx

253 2256 411 2348 Stephano
471 2247 573 2337 tiilli,
597 2248 632 2319 irr
648 2248 712 2320 hae
728 2246 840 2319 caussa
855 2245 1024 2319 visiorcm
1036 2249 1115 2344 jure
1131 2246 1345 2343 pronuntiari
1362 2271 1381 2318 a
1396 2248 1569 2319 Praecone
1586 2253 1732 2323 mereris.

300 2272 546 2446 Conjehhrem
563 2365 598 2416 te
612 2347 786 2445 optimum
806 2343 1078 2417 &oraculorum
1107 2353 1200 2441 (non
1216 2343 1318 2434 dieo,
1343 2367 1428 2443 quae
1439 2343 1641 2418 Christianis
1659 2372 1723 2444 pro
1741 2375 1781 2423 o·

251 2447 373 2521 taeniis
394 2445 588 2528 habentur3
613 2468 691 2515 nam
719 2468 761 2515 an
778 2463 818 2514 ea
841 2442 1012 2540 intelligas
1033 2441 1169 2526 nescio)
1195 2462 1351 2515 veterum
1375 2445 1517 2515 unicum
1535 2444 1780 2542 interpretem,

251 2548 314 2714 gui
333 2543 402 2615 s1ne
427 2542 499 2614 ullo
520 2543 641 2635 capitis
664 2563 708 2612 ex
733 2542 840 2638 longa
861 2540 1086 2613 meditatione
1110 2540 1259 2629 dolore,
1290 2537 1543 2636 deprehendisti
1568 2566 1687 2614 verum
1708 2544 1781 2619 sen·

266 2668 324 2715 um
339 2638 603 2730 illiusOraculi,
630 2640 715 2711 nulli
734 2659 811 2711 ante
828 2639 923 2710 hunc
938 2639 1031 2710 diem
1048 2636 1234 2726 intellebli,

146 2778 150 2785 -
520 2737 591 2830 Aja
605 2755 654 2827 te,
681 2741 844 2829 Aeacida,
870 2745 1021 2810 Romanas
1041 2737 1266 2830 uincerepaffe.

250 2834 361 2932 Qtod
390 2833 515 2908 Fabius
545 2833 606 2906 lib.
633 2858 696 2907 vn.
725 2859 802 2933 cap.
834 2861 870 2921 9.
905 2835 1153 2934 Amphiboliae
1185 2848 1300 2930 (pene
1328 2834 1483 2906 dixeram
1517 2835 1778 2934 amphibologiae,

252 2959 324 3031 quo
349 2935 489 3007 nomine
512 2956 588 3023 me,
610 2929 785 3004 Taraciam
800 2933 836 3002 &
856 2930 970 3003 nescio
994 2955 1080 3030 quos
1107 2954 1330 3004 communem
1353 2955 1532 3026 errorem,
1557 2953 1660 3031 quem
1687 2941 1779 3035 grati

250 3049 290 3102 te
313 3030 529 3102 correxissea
559 3029 728 3127 ,oseimus
753 3078 765 3117 ,
797 3027 932 3102 secutos
951 3049 1021 3102 tarn
1037 3028 1159 3103 acerbe
1182 3030 1262 3103 casti
1289 3039 1346 3116 as)
1374 3032 1574 3129 exemplum
1592 3035 1778 3131 producite

248 3129 313 3200 elle
338 3128 499 3201 videlicet
545 3152 652 3217 occs,
680 3151 803 3226 magne
832 3146 954 3220 vates,
979 3128 1015 3201 bt
1042 3128 1195 3203 redivive
1216 3053 1390 3214 Cafchrn,
1422 3128 1519 3200 snam
1546 3133 1581 3200 in
1603 3155 1645 3202 eo
1671 3134 1775 3228 obscu-

247 3231 407 3315 ritatem,
434 3229 516 3322 quad
538 3227 653 3321 nescias
676 3277 687 3316 ,
714 3245 822 3297 utrum
840 3227 978 3314 Pyrrhus
1002 3228 1149 3296 oriundus
1172 3227 1213 3294 ab
1235 3231 1342 3295 Aeaco
1363 3227 1521 3298 Romanas
1544 3233 1690 3303 vislurus
1706 3236 1776 3324 fit,

245 3344 288 3395 aa
311 3331 440 3396 Romani
466 3325 622 3416 Pyrrhum
645 3325 809 3395 oriundam
842 3325 884 3393 ab
902 3323 1012 3395 Aeaco
1031 3327 1152 3394 victuri
1165 3327 1246 3416 stat.
1297 3319 1415 3415 Qram
1443 3344 1562 3397 notam
1588 3324 1671 3398 dum
1695 3328 1775 3401 seri·

245 3419 363 3511 beres,
381 3420 405 3493 fi
422 3444 554 3492 memor
570 3420 681 3492 fuisses
699 3442 802 3494 notae
816 3439 914 3512 tuae,
939 3445 1005 3517 qua
1020 3443 1075 3491 me
1091 3416 1328 3516 reprehendis,
1353 3445 1430 3519 pag.
1445 3420 1524 3517 387.
1542 3448 1564 3496 n
1595 3445 1671 3514 3¹2·
1688 3426 1773 3498 rese*

249 3518 369 3591 cuilles
386 3521 537 3616 quinque
552 3518 659 3590 otiosa
674 3519 711 3591 &
725 3516 844 3590 odiosa
858 3518 991 3615 periodi
1007 3538 1086 3589 tuae
1103 3517 1224 3590 verba:
1240 3542 1318 3590 narn
1330 3516 1517 3591 Parisrensrs
1533 3521 1720 3613 Professor,
1736 3525 1772 3597 in

246 3616 361 3688 media
375 3636 474 3688 natus
489 3616 679 3690 urbanitate
695 3616 731 3687 ἃ
746 3616 889 3704 facetia,
916 3615 952 3686 &
969 3617 1029 3712 qui
1044 3614 1087 3687 ab
1104 3618 1244 3687 ineunte
1259 3635 1368 3689 aetate
1387 3637 1422 3688 te
1438 3617 1483 3687 ad
1487 3615 1633 3709 facetum
1652 3621 1693 3698 &
1714 3646 1770 3691 ar·

243 3716 364 3785 lanum
379 3716 500 3786 dicendi
509 3738 605 3810 genas
622 3717 784 3810 appulisti,
807 3713 993 3805 fateberis,
1016 3713 1143 3806 credo,
1170 3735 1307 3785 mecum
1327 3718 1555 3811 gemimorum
1579 3724 1627 3805 ’ἢ
1652 3717 1772 3791 oriun-

242 3810 328 3883 dum
347 3811 389 3884 ab
404 3815 519 3884 Aeaco
535 3811 660 3886 victuri
678 3811 763 3903 srnt,
789 3817 917 3906 ellipstm
930 3824 1032 3907 patius
1049 3837 1144 3908 quam
1152 3813 1364 3909 pleonasmam
1377 3809 1668 3908 hiscelocatianibas
1684 3840 1772 3890 eon·

245 3911 383 4000 venire,
408 3927 449 3982 ut
464 3931 524 3982 tua
539 3910 605 3982 tibi
624 3910 730 3984 verba
743 3907 893 3982 reddam.
1577 3924 1583 3936 ·

294 4015 461 4080 caeteram
483 4009 607 4104 (liceat
631 4031 715 4107 pace
737 4030 824 4099 tua,
849 4007 977 4081 centies
1000 4008 1065 4081 tibi
1091 4007 1217 4082 utura
1237 4008 1395 4101 vocula,
1427 4006 1526 4080 semel
1551 4008 1610 4080 hic
1631 4009 1705 4094 uti)
1733 4033 1768 4086 te

242 4125 316 4177 non
329 4101 394 4176 ess‘e
411 4108 712 4203 agaragaipaaa‘gyaa
729 4159 741 4199 ,
767 4131 832 4180 nec
849 4106 906 4179 has
922 4126 1021 4179 notas
1044 4108 1080 4178 in
1103 4106 1274 4198 basilicis,
1300 4107 1492 4204 porticibus
1508 4125 1566 4178 aut
1579 4108 1767 4200 viridariis,

245 4201 306 4273 ubi
331 4201 432 4275 otiosi
455 4204 613 4302 quotidie
628 4206 791 4278 Lutetiae
813 4204 929 4277 sedent
949 4205 992 4277 de
1013 4207 1113 4278 rebus
1134 4204 1335 4305 graviffimis
1356 4205 1564 4299 disputantes
1588 4203 1704 4278 affidari
1729 4208 1768 4282 ὅ(

245 4299 361 4372 urbani
389 4303 511 4394 cives,
537 4303 719 4397 didicilfe,
744 4302 799 4376 sed
816 4326 859 4374 ex
875 4304 1015 4377 Graecis
1039 4303 1082 4375 ab
1098 4306 1217 4393 Aldo,
1245 4302 1281 4374 &
1303 4301 1439 4374 Latinis
1456 4326 1475 4374 a
1494 4303 1642 4375 Pithoeo
1667 4306 1767 4379 editis

240 4397 484 4487 Rhetoribus,
506 4398 544 4470 &
559 4400 703 4499 Figuras
719 4401 756 4473 δι
773 4403 917 4499 Tropos
931 4402 996 4474 tibi
1011 4399 1141 4498 semper
1157 4398 1328 4472 obversari
1343 4400 1459 4473 animo
1475 4399 1605 4474 indicio
1620 4404 1670 4475 est
1686 4430 1765 4500 pro·

240 4491 366 4566 fundae
382 4495 506 4565 mentis
528 4502 750 4591 capacitatem
767 4501 966 4574 exhauriens
981 4500 1037 4571 illa
1054 4517 1136 4572 nota
1148 4521 1227 4628 pag.
1243 4519 1328 4597 479.
1345 4524 1378 4570 n.
1398 4522 1453 4596 15.
1476 4498 1536 4573 ubi
1552 4501 1648 4573 Parei
1665 4521 1767 4574 notae

239 4589 360 4683 addis,
387 4591 685 4666 CAETERUM
711 4598 764 4666 hle
788 4601 895 4690 (NB.
912 4621 983 4670 non
1004 4598 1102 4686 alibi)
1128 4633 1161 4673 το
1177 4601 1305 4694 ferrum
1321 4599 1363 4695 est
1374 4600 1527 4696 gladius,
1552 4605 1627 4689 enfis
1642 4624 1680 4669 ex
1692 4598 1766 4692 fcr-

240 4711 277 4759 aa
293 4689 362 4770 &a
388 4686 457 4766 Sed
471 4712 536 4764 cut
551 4691 652 4766 nobis
665 4691 796 4769 invides
811 4719 939 4772 nomen
954 4697 1047 4798 tropi
1063 4717 1124 4775 aut
1143 4697 1295 4871 figulrpe,
1320 4697 1415 4796 quod
1429 4720 1522 4772 nuuc
1539 4696 1576 4767 in
1591 4714 1767 4806 aeternum

1096 4885 1099 4893 Ι
1278 4817 1300 4870 2
1630 4813 1642 4843 t
1665 4815 1769 4891 tgno·

1707 5012 1722 5055 b
