4058 5558
238 298 291 408 72
470 293 1545 399 nouumaunrevmrosa

289 443 372 542 vag.
394 465 473 541 123.
490 456 524 518 n'.
547 470 624 543 ¹27·
649 448 762 519 nullus
776 449 811 519 in
828 466 931 537 tora,
965 445 1069 516 credo
1084 495 1097 535 ,
1113 447 1768 545 ¹Franciadepreheudiffeeobscurita-

241 556 341 631 tem,
368 540 404 611 &
420 544 510 614 duas.
528 541 653 642 figuras
679 543 778 616 fimul
802 566 1006 615 concurrere
1033 541 1199 634 iratribus
1224 545 1388 636 vocibus,
1402 551 1508 638 stmile
1529 564 1654 623 tantum
1670 562 1766 646 veri,

241 658 320 732 pag.
344 659 531 735 123.n17.
579 640 641 711 Tu
657 664 764 732 vero,
790 639 1004 713 acutiffimus'
1014 640 1270 714 Grammaticus
1295 641 1332 712 &
1356 642 1496 715 Rhetor
1509 646 1660 739 unicus,
1691 653 1767 723 ani·

240 732 450 825 madvertis,
507 761 535 811 1.
560 733 637 807 Esse
653 731 805 832 positum
824 762 887 835 pro
902 741 1069 832 veriſsmile
1086 758 1103 826 ,·
1132 762 1161 810 a.
1177 739 1241 809 esse
1257 742 1394 832 τμῆζιι,
1427 737 1635 814 dividentem
1657 770 1765 820 voces

241 827 343 920 duas,
366 838 437 903 veri
453 831 488 904 δι
495 826 622 925 Jsinile,
647 858 734 930 quae
749 832 937 906 debuerant
950 830 1145 905 coalescere.
1198 858 1228 928 3.
1247 834 1324 906 Esse
1341 833 1585 929 anastrophen,
1608 843 1689 936 quia
1704 842 1770 915 de·

241 925 361 999 buiffet
375 930 489 1001 dicere
504 933 575 999 veri
590 946 716 1001 tantum
723 933 843 1023 stmile.
1126 982 1130 989 ·

381 1020 478 1123 Qui
489 1049 548 1095 non
561 1024 728 1121 Rhetorice
742 1028 877 1122 deſsgnat
893 1027 910 1095 ἒ
935 1042 1041 1118 operta
1058 1027 1211 1116 recludit,

384 1127 431 1191 kt
447 1144 544 1214 nugas
551 1122 644 1209 jubet
660 1124 717 1215 effe
730 1140 821 1193 ratas
839 1172 851 1211 ,
874 1123 916 1201 sol
931 1125 1020 1210 ditat,
1031 1127 1154 1215 livertas.

287 1214 428 1288 Artium
447 1217 593 1313 denique
611 1220 792 1308 omniurn,
810 1237 987 1314 quotquot
1005 1218 1091 1290 olim
1104 1218 1210 1290 trivio
1227 1214 1265 1288 &
1280 1214 1458 1314 quadrivio
1472 1223 1770 1319 continebantur,

241 1309 380 1382 &nunc
398 1315 434 1383 in
444 1313 660 1403 Academiis,
675 1313 891 1387 scientiarum
910 1313 1050 1408 prolatis
1066 1312 1506 1410 finibus,explicantur‚te
1520 1322 1767 1417 peritissimum

105 1490 110 1499 ,
167 1465 168 1468 ,
209 1441 214 1450 -
242 1408 381 1479 varietas
394 1409 452 1481 illa
468 1430 628 1482 notarum
642 1410 879 1501 incredibilis,
901 1410 1025 1506 quibus
1042 1428 1075 1483 te
1090 1408 1274 1508 penetrasse
1288 1411 1323 1481 in
1339 1408 1406 1507 ipsa
1429 1437 1548 1486 arcana
1564 1416 1767 1517 disciplina-

240 1527 317 1574 rum
341 1502 440 1578 facile
455 1505 691 1604 persuadebis,
717 1505 878 1579 ostendit.
926 1504 1413 1596 Qiiscnim,nis1Blondello
1438 1511 1581 1583 vestrate
1600 1513 1768 1608 doctior,

239 1597 359 1690 sciret,
383 1604 552 1677 Fabricam
565 1602 629 1674 esse
646 1603 909 1690 architecturam,
934 1600 1309 1698 &subintelligendum
1326 1602 1391 1673 esse
1407 1605 1594 1691 domorum?
1643 1613 1696 1683 uis
1712 1638 1768 1685 oe-

236 1703 428 1788 conomiam,
453 1699 530 1772 ideo
545 1723 662 1772 curam
679 1724 795 1793 rerum¹
809 1696 1073 1771 domesticarum
1087 1698 1171 1788 esse,
1198 1718 1361 1771 monente
1374 1700 1511 1792 Fabio,
1535 1634 1766 1801 appellatam,

237 1794 316 1888 quia
330 1795 420 1881 osa&-
434 1796 483 1867 est
503 1798 639 1886 damur,
665 1795 702 1868 &
719 1804 795 1888 νέμω
810 1794 974 1892 dispenso,
998 1819 1095 1890 rego,
1120 1820 1232 1867 curam
1246 1820 1322 1890 gero
1343 1845 1356 1885 ,
1386 1814 1426 1866 ut
1451 1819 1490 1870 tu
1509 1803 1660 1895 graviter
1686 1808 1768 1877 ani-

237 1890 420 1963 madvertis
434 1918 478 1989 pa
507 1948 514 1963 .
538 1884 615 1986 1¹49.
630 1916 662 1963 n
684 1892 764 1990 ῃ..)
790 1890 984 1989 Aliquando
999 1911 1115 1964 tamen
1130 1914 1174 1962 ex
1190 1890 1324 1979 summo
1340 1891 1401 1962 illo
1417 1895 1543 1966 artium
1559 1897 1766 1977 sublimium

235 1984 372 2083 fastigio
391 2006 426 2059 te
448 1916 504 2061 aclg
507 1988 826 2061 Grammaticorum
849 1989 974 2060 iterum
991 1984 1140 2059 subsellia
1157 1986 1328 2078 demittis,
1353 1986 1544 2086 &sumpta
1564 1993 1670 2068 ferula
1692 1998 1764 2072 do·

236 2104 292 2153 ces
309 2083 471 2156 Phalerea
496 2084 533 2154 &
557 2084 658 2170 Tydea
683 2082 748 2154 esse
771 2084 905 2156 Graeca
922 2082 1150 2156 declinatione
1172 2081 1327 2172 dietum,
1352 2082 1455 2156 altra
1473 2083 1602 2181 deea,
1618 2114 1681 2184 ,pro
1699 2116 1767 2174 τοῖς
1866 2134 1870 2143 ·

236 2179 423 2251 Phaloriam
441 2179 477 2253 &
495 2177 625 2277 &deum
650 2203 727 2278 pag.
742 2204 802 2272 97.
828 2205 861 2250 ιι.
884 2201 963 2277 ¹73·
977 2178 1014 2252 ὃ(
1036 2178 1114 2273 187.
1131 2204 1165 2250 n.
1182 2203 1242 2274 47.
1258 2179 1296 2251 δι
1310 2186 1408 2273 Νιρέα
1431 2180 1550 2254 dixisse
1568 2188 1763 2267 annana·

110 2342 113 2347 ,
233 2274 354 2369 bium,
379 2278 441 2349 loco
456 2278 479 2358 ξ
488 2280 624 2350 Nireum
634 2300 712 2373 pag.
728 2275 807 2349 188.
824 2300 858 2347 n.
869 2300 928 2369 70.
945 2275 983 2347 δι
998 2300 1111 2374 pag.7
1135 2300 1168 2346 o.
1185 2301 1219 2346 ιι.
1229 2300 1289 2359 90.
1304 2276 1456 2346 Didonem
1466 2277 1765 2371 Latine,Graece

235 2373 325 2443 Dido
339 2371 535 2445 dicendum.
562 2374 638 2444 Hae
652 2396 773 2443 aevum
791 2371 901 2443 ferent
920 2372 954 2441 in
966 2371 1114 2464 Qrinfili
1129 2374 1243 2442 ianum
1261 2389 1466 2455 notac,nam
1482 2377 1646 2469 quamdiu
1655 2381 1763 2455 Lati.

235 2491 297 2539 nae
314 2466 351 2538 &
370 2468 523 2540 Graecae
538 2468 583 2539 lin
612 2492 673 2540 uae
688 2467 836 2565 sludium
852 2468 1005 2566 vigebit,
1022 2460 1268 2564 Ludimagistri
1285 2466 1459 2562 duplicem
1475 2470 1567 2543 illam
1580 2472 1763 2552 declinan-

238 2565 273 2636 di
290 2565 480 2655 rationem,
504 2493 639 2639 sortaise
651 2589 743 2637 nunc
760 2567 951 2663 ignoratam
966 2565 1003 2635 in
1018 2564 1180 2659 Francia,
1207 2566 1242 2635 in
1261 2562 1321 2634 ulii
1343 2562 1439 2634 fuisse
1460 2565 1545 2636 olim
1560 2593 1604 2641 ex
1615 2571 1762 2671 Cappe·

238 2663 446 2734 ronnerianis
463 2663 553 2734 notis
571 2661 739 2733 recordari
757 2682 931 2759 poterunt.
981 2660 1162 2826 Qffmcqmd
1179 2662 1270 2730 enim
1286 2659 1402 2733 dicant
1416 2661 1628 2738 cavillatores
1644 2668 1680 2741 δι
1700 2697 1762 2743 ca·

234 2757 460 2830 lumniatores·
481 2756 639 2850 (Gallice
652 2760 694 2828 les
709 2754 929 2837 chicanneu'rs)
955 2781 1002 2851 po
1033 2760 1131 2828 eritas
1147 2756 1248 2845 sciet,
1262 2776 1297 2827 te
1307 2754 1442 2827 Graece
1454 2757 1602 2852 scivisse,
1619 2762 1655 2835 dt
1671 2790 1763 2843 cum

237 2853 374 2949 stupore
391 2856 402 2927 l
447 2874 481 2925 et
498 2853 665 2943 innotis,
692 2872 748 2925 tot
765 2853 913 2947 Graecas
930 2854 1077 2924 dimoves
1091 2855 1131 2932 &
1147 2853 1287 2945 loquendi
1299 2852 1480 2946 formulas,
1505 2877 1548 2926 ex
1566 2861 1764 2938 reconditis

233 2950 374 3021 ¹Aletium
402 2962 414 3041 (
436 2950 552 3022 cilicet
572 2956 780 3045 oratoriarum
802 2950 843 3030 &l
864 2948 1125 3036 Rhetoricarum)
1150 2947 1297 3019 armariis
1320 2948 1570 3045 depromptas,
1596 2953 1633 3026 &
1650 2981 1760 3034 num.

235 3070 337 3142 quam
357 3045 541 3136 sessorem,
565 3046 669 3117 etiarn
687 3043 805 3116 rudem
825 3065 1012 3116 morantes:
1034 3068 1112 3115 nam
1127 3040 1256 3139 semper
1271 3042 1406 3115 Graeca
1419 3047 1553 3119 Latinis
1566 3082 1580 3136 3
1593 3049 1644 3123 ,ὅτ
1659 3075 1761 3130 utra·

235 3144 303 3235 'que
324 3141 504 3242 aliquando
522 3141 667 3214 Gallicis
691 3139 803 3213 verbis
820 3140 986 3211 comitata
1007 3138 1181 3210 incedunt.
1231 3138 1448 3230 Horatium,
1472 3143 1629 3240 ineptum
1653 3150 1762 3228 illum

235 3239 449 3325 studiorum,
476 3239 511 3312 ὃ(
529 3239 638 3311 bonae
653 3239 776 3310 mentis
791 3235 979 3326 arbitrum,
996 3258 1070 3331 quis
1087 3238 1153 3327 jam
1170 3235 1390 3335 nonmeliori
1401 3239 1480 3333 jure
1497 3240 1624 3333 rideat,
1649 3270 1760 3343 quam

181 3394 187 3403 .
235 3335 292 3407 ille
307 3336 366 3407 lib.
387 3360 416 3405 1.
431 3334 488 3406 sat.
504 3360 539 3407 x.
555 3334 733 3407 Lucilium
752 3332 951 3432 perstrinxit
968 3382 981 3422 ,
1006 3321 1088 3424 quad
1100 3333 1204 3401 verbis
1221 3336 1340 3402 Graeca
1353 3335 1486 3404 Latinis
1498 3337 1656 3430 miscuit?
1680 3351 1762 3443 quis

236 3431 416 3506 Ciceronis
433 3428 648 3503 stomachum
694 3431 812 3503 osthac
829 3427 942 3517 seret,
968 3429 1028 3524 qui
1049 3426 1179 3524 quaerit
1201 3424 1330 3523 semper
1346 3428 1471 3500 Latina
1491 3434 1688 3529 vocabula,
1714 3468 1763 3516 ne

239 3528 381 3603 Graecis
396 3528 449 3601 uti
466 3548 632 3626 cogatur,
711 3526 812 3599 stulta
826 3522 1043 3597 excusatione
1058 3525 1169 3596 utitur
1185 3521 1335 3595 libain.
1352 3524 1393 3595 ad
1407 3525 1437 3596 F
1438 3550 1503 3599 am.
1519 3552 1573 3625 15.
1591 3556 1657 3629 qua
1675 3562 1764 3635 pru.

205 3659 212 3671 ·
238 3626 358 3699 denter
374 3647 411 3697 tu
426 3624 634 3717 abstinuisti,
658 3622 864 3697 Licentiate.
1476 3688 1482 3700 ‚
1673 3700 1677 3707 ,

280 3722 371 3815 Juris
386 3723 539 3793 Romani
555 3720 720 3818 insignem
739 3719 953 3815 prudentiam
977 3737 1012 3789 te
1035 3716 1181 3814 prodere
1198 3714 1296 3813 supra
1315 3720 1386 3814 jam
1412 3719 1694 3816 observavimus,
1722 3731 1765 3806 &

240 3816 325 3889 infra
342 3815 548 3890 manifestius
562 3814 675 3889 adhuc
693 3816 846 3914 patebit:
862 3815 922 3885 hic
939 3828 1054 3885 tamen
1075 3832 1108 3885 te
1126 3835 1196 3901 uqn
1214 3813 1331 3909 primis
1345 3815 1441 3889 labiis
1454 3842 1529 3889 eam
1546 3818 1765 3918 disciplinam

238 3915 381 4013 gustasse
398 3906 487 4004 ,sed
504 3912 705 3984 inundatum
724 3912 820 3984 fuisse
844 3914 918 4006 ejus
940 3933 983 3981 co
1012 3910 1067 3996 ia,
1089 3908 1125 3980 &
1148 3908 1332 3981 verborum
1354 3911 1443 4001 Juris
1470 3914 1764 4015 fignificationes‚

240 4035 326 4108 quae
343 4008 760 4110 magnaJurisprudentiae
771 4032 845 4106 pars
859 4006 929 4098 est,
951 4032 970 4078 a
1008 4029 1159 4104 unguem
1174 4004 1296 4077 callere
1311 4006 1439 4080 docent
1456 4011 1586 4083 multae
1601 4032 1707 4089 notae
1723 4020 1764 4094 &

240 4109 277 4179 in
293 4108 410 4208 primis
430 4133 463 4205 p.
484 4130 566 4194 227.
582 4130 615 4177 n.
685 4161 692 4176 .
709 4104 746 4177 δι
760 4128 819 4200 45.
849 4100 909 4175 ubi
923 4106 1060 4175 ambitus
1076 4105 1208 4173 crimen
1231 4100 1316 4173 dicis
1330 4102 1395 4173 essi:
1411 4151 1422 4191 ,
1444 4108 1500 4176 abi
1514 4113 1625 4203 agitur
1638 4114 1677 4184 dr
1690 4141 1765 4189 car·

239 4212 341 4296 raptis
357 4206 434 4276 data
447 4210 578 4297 pecunia
594 4202 638 4297 stt
667 4208 763 4299 ragir's
779 4203 825 4275 ad
838 4201 1047 4292 impetrandas
1071 4200 1225 4285 horrores,
1249 4198 1453 4292 magissratvs
1467 4199 1538 4273 &c.
1562 4203 1602 4277 ὅ(
1614 4226 1763 4301 repetun-

238 4303 352 4371 darum
369 4332 381 4384 3
404 4297 523 4397 supple
534 4306 762 4391 pecuniarum,
788 4322 866 4395 qaas
881 4298 1025 4374 Orator,
1051 4298 1206 4366 accolius
1219 4298 1288 4385 quis
1307 4296 1509 4459 mapr'ylratus
1521 4324 1543 4368 a
1554 4300 1763 4390 provinciali·

239 4400 296 4469 las
309 4411 365 4467 aut
380 4394 472 4487 ,soriis
492 4418 547 4489 per
563 4393 622 4489 far
637 4398 677 4473 [sl
693 4395 783 4488 nefas
798 4393 976 4486 extorfiffl’t.
1025 4390 1099 4463 Has
1113 4386 1330 4485 definitiones
1364 4390 1469 4463 tustra
1485 4392 1578 4485 Juris
1595 4397 1765 4479 studiosus

241 4496 276 4565 in
293 4494 445 4586 Brr'ffrm'o
460 4540 472 4581 ,
499 4495 633 4563 Calvino
647 4488 683 4559 &
699 4490 770 4561 aliis
784 4490 1038 4585 lexicographis
1048 4488 1068 4581 J
1073 4488 1138 4560 uris
1152 4504 1312 4583 quaeret:
1338 4488 1388 4557 At
1412 4509 1540 4585 quanto
1555 4493 1675 4568 melius
1689 4522 1762 4609 ego

237 4586 500 4683 Jurisconsultus
520 4576 754 4659 invenissem?
781 4603 873 4657 certe
892 4586 1108 4678 stipulationes
1125 4582 1161 4655 &
1178 4581 1240 4654 alia
1259 4580 1359 4673 obvia
1383 4604 1418 4663 te
1443 4609 1534 4661 nova
1552 4588 1765 4691 lucepcrsu.

1701 4691 1767 4768 dis·
1812 4700 1815 4704 ’
