<?xml version="1.0" encoding="UTF-8"?>
<!DOCTYPE html PUBLIC "-//W3C//DTD XHTML 1.0 Transitional//EN"
    "http://www.w3.org/TR/xhtml1/DTD/xhtml1-transitional.dtd">
<html xmlns="http://www.w3.org/1999/xhtml" xml:lang="en" lang="en">
 <head>
  <title>
</title>
<meta http-equiv="Content-Type" content="text/html;charset=utf-8" />
  <meta name='ocr-system' content='tesseract 3.04.00' />
  <meta name='ocr-capabilities' content='ocr_page ocr_carea ocr_par ocr_line ocrx_word'/>
</head>
<body>
  <div class='ocr_page' id='page_1' title='image "./epistolaadclaud00burmgoog_0022.png"; bbox 0 0 4064 5558; ppageno 0'>
   <div class='ocr_carea' id='block_1_1' title="bbox 492 136 1768 338">
    <p class='ocr_par' dir='ltr' id='par_1_1' title="bbox 492 136 1768 338">
     <span class='ocr_line' id='line_1_1' title="bbox 492 136 1768 338; baseline -0.002 -29"><span class='ocrx_word' id='word_1_1' title='bbox 492 221 584 310; x_wconf 79' lang='lat' dir='ltr'>nn</span> <span class='ocrx_word' id='word_1_2' title='bbox 641 216 734 307; x_wconf 86' lang='lat' dir='ltr'>ct.</span> <span class='ocrx_word' id='word_1_3' title='bbox 782 136 1511 307; x_wconf 77' lang='lat' dir='ltr'>enarrabunatttuu.</span> <span class='ocrx_word' id='word_1_4' title='bbox 1743 248 1768 338; x_wconf 81' lang='lat'><em>7</em></span> 
     </span>
    </p>
   </div>
   <div class='ocr_carea' id='block_1_2' title="bbox 215 363 1799 4267">
    <p class='ocr_par' dir='ltr' id='par_1_2' title="bbox 215 363 1799 4267">
     <span class='ocr_line' id='line_1_2' title="bbox 215 363 1771 479; baseline -0.005 -21"><span class='ocrx_word' id='word_1_5' title='bbox 215 385 280 458; x_wconf 69' lang='lat' dir='ltr'>&#39;sc</span> <span class='ocrx_word' id='word_1_6' title='bbox 299 378 486 460; x_wconf 81' lang='lat' dir='ltr'>continuae</span> <span class='ocrx_word' id='word_1_7' title='bbox 508 373 748 453; x_wconf 79' lang='lat' dir='ltr'>contentiones</span> <span class='ocrx_word' id='word_1_8' title='bbox 782 368 952 444; x_wconf 79' lang='lat' dir='ltr'>acuebant</span> <span class='ocrx_word' id='word_1_9' title='bbox 975 363 1090 440; x_wconf 87' lang='lat' dir='ltr'>utrius</span> <span class='ocrx_word' id='word_1_10' title='bbox 1106 389 1150 439; x_wconf 86' lang='lat' dir='ltr'>ue</span> <span class='ocrx_word' id='word_1_11' title='bbox 1178 370 1282 469; x_wconf 87' lang='lat' dir='ltr'>partis</span> <span class='ocrx_word' id='word_1_12' title='bbox 1309 367 1446 462; x_wconf 85' lang='lat' dir='ltr'>studia,</span> <span class='ocrx_word' id='word_1_13' title='bbox 1472 394 1538 448; x_wconf 87' lang='lat' dir='ltr'>nec</span> <span class='ocrx_word' id='word_1_14' title='bbox 1567 371 1635 450; x_wconf 84' lang='lat' dir='ltr'>sola</span> <span class='ocrx_word' id='word_1_15' title='bbox 1658 373 1771 479; x_wconf 79' lang='lat' dir='ltr'>Regis</span> 
     </span>
     <span class='ocr_line' id='line_1_3' title="bbox 238 464 1772 570; baseline -0.005 -13"><span class='ocrx_word' id='word_1_16' title='bbox 238 504 300 557; x_wconf 88' lang='lat' dir='ltr'>aut</span> <span class='ocrx_word' id='word_1_17' title='bbox 323 479 532 555; x_wconf 88' lang='lat' dir='ltr'>dominantis</span> <span class='ocrx_word' id='word_1_18' title='bbox 557 477 593 546; x_wconf 92' lang='lat' dir='ltr'>in</span> <span class='ocrx_word' id='word_1_19' title='bbox 616 469 702 570; x_wconf 83' lang='lat' dir='ltr'>ipsas</span> <span class='ocrx_word' id='word_1_20' title='bbox 721 488 855 542; x_wconf 82' lang='lat' dir='ltr'>mentes</span> <span class='ocrx_word' id='word_1_21' title='bbox 868 468 1016 563; x_wconf 85' lang='lat' dir='ltr'>Papatus</span> <span class='ocrx_word' id='word_1_22' title='bbox 1038 464 1075 535; x_wconf 85' lang='lat' dir='ltr'>ri</span> <span class='ocrx_word' id='word_1_23' title='bbox 1147 464 1350 542; x_wconf 52' lang='lat' dir='ltr'>smoniae</span> <span class='ocrx_word' id='word_1_24' title='bbox 1370 470 1514 563; x_wconf 85' lang='lat' dir='ltr'>vicitl&#39;e,</span> <span class='ocrx_word' id='word_1_25' title='bbox 1545 472 1584 545; x_wconf 78' lang='lat' dir='ltr'>bt</span> <span class='ocrx_word' id='word_1_26' title='bbox 1601 474 1645 549; x_wconf 87' lang='lat' dir='ltr'>de</span> <span class='ocrx_word' id='word_1_27' title='bbox 1667 476 1772 549; x_wconf 88' lang='lat' dir='ltr'>altera</span> 
     </span>
     <span class='ocr_line' id='line_1_4' title="bbox 241 558 1769 678; baseline -0.006 -24"><span class='ocrx_word' id='word_1_28' title='bbox 241 575 463 678; x_wconf 72' lang='lat' dir='ltr'>triumphalis:</span> <span class='ocrx_word' id='word_1_29' title='bbox 484 571 677 674; x_wconf 89' lang='lat' dir='ltr'>gloriosum</span> <span class='ocrx_word' id='word_1_30' title='bbox 699 567 882 640; x_wconf 87' lang='lat' dir='ltr'>credebant</span> <span class='ocrx_word' id='word_1_31' title='bbox 897 587 977 635; x_wconf 87' lang='lat' dir='ltr'>vere</span> <span class='ocrx_word' id='word_1_32' title='bbox 990 558 1114 654; x_wconf 59' lang='lat' dir='ltr'>dom,</span> <span class='ocrx_word' id='word_1_33' title='bbox 1136 560 1192 634; x_wconf 87' lang='lat' dir='ltr'>sed</span> <span class='ocrx_word' id='word_1_34' title='bbox 1208 586 1490 664; x_wconf 87' lang='lat' dir='ltr'>argumentorum</span> <span class='ocrx_word' id='word_1_35' title='bbox 1503 571 1684 670; x_wconf 90' lang='lat' dir='ltr'>pondere,</span> <span class='ocrx_word' id='word_1_36' title='bbox 1709 598 1769 650; x_wconf 89' lang='lat' dir='ltr'>an·</span> 
     </span>
     <span class='ocr_line' id='line_1_5' title="bbox 240 658 1770 776; baseline -0.003 -25"><span class='ocrx_word' id='word_1_37' title='bbox 240 681 402 776; x_wconf 88' lang='lat' dir='ltr'>tiquitate</span> <span class='ocrx_word' id='word_1_38' title='bbox 416 672 614 757; x_wconf 69' lang='lat' dir='ltr'>doslrinae,</span> <span class='ocrx_word' id='word_1_39' title='bbox 641 667 677 739; x_wconf 77' lang='lat' dir='ltr'>bt</span> <span class='ocrx_word' id='word_1_40' title='bbox 693 666 789 738; x_wconf 92' lang='lat' dir='ltr'>omni</span> <span class='ocrx_word' id='word_1_41' title='bbox 813 658 982 758; x_wconf 83' lang='lat' dir='ltr'>acquisito</span> <span class='ocrx_word' id='word_1_42' title='bbox 999 684 1043 734; x_wconf 87' lang='lat' dir='ltr'>etr</span> <span class='ocrx_word' id='word_1_43' title='bbox 1066 661 1174 732; x_wconf 85' lang='lat' dir='ltr'>literis</span> <span class='ocrx_word' id='word_1_44' title='bbox 1192 661 1323 735; x_wconf 88' lang='lat' dir='ltr'>lumine</span> <span class='ocrx_word' id='word_1_45' title='bbox 1341 668 1491 741; x_wconf 88' lang='lat' dir='ltr'>aemulos</span> <span class='ocrx_word' id='word_1_46' title='bbox 1506 668 1663 767; x_wconf 89' lang='lat' dir='ltr'>superare</span> <span class='ocrx_word' id='word_1_47' title='bbox 1676 691 1770 748; x_wconf 86' lang='lat' dir='ltr'>utra-</span> 
     </span>
     <span class='ocr_line' id='line_1_6' title="bbox 240 759 1770 873; baseline -0.002 -26"><span class='ocrx_word' id='word_1_48' title='bbox 240 799 310 873; x_wconf 86' lang='lat' dir='ltr'>que</span> <span class='ocrx_word' id='word_1_49' title='bbox 334 773 438 847; x_wconf 69' lang='lat' dir='ltr'>snclio</span> <span class='ocrx_word' id='word_1_50' title='bbox 464 765 706 842; x_wconf 86' lang='lat' dir='ltr'>contendebat.</span> <span class='ocrx_word' id='word_1_51' title='bbox 756 759 941 856; x_wconf 89' lang='lat' dir='ltr'>Postquam</span> <span class='ocrx_word' id='word_1_52' title='bbox 964 782 1049 830; x_wconf 90' lang='lat' dir='ltr'>vero</span> <span class='ocrx_word' id='word_1_53' title='bbox 1065 781 1129 855; x_wconf 89' lang='lat' dir='ltr'>pro</span> <span class='ocrx_word' id='word_1_54' title='bbox 1147 759 1283 832; x_wconf 87' lang='lat' dir='ltr'>calamis</span> <span class='ocrx_word' id='word_1_55' title='bbox 1307 762 1440 859; x_wconf 79' lang='lat' dir='ltr'>gladios</span> <span class='ocrx_word' id='word_1_56' title='bbox 1461 766 1500 840; x_wconf 77' lang='lat' dir='ltr'>bt</span> <span class='ocrx_word' id='word_1_57' title='bbox 1521 767 1676 861; x_wconf 89' lang='lat' dir='ltr'>serrum,</span> <span class='ocrx_word' id='word_1_58' title='bbox 1704 764 1770 869; x_wconf 81' lang='lat' dir='ltr'>pro</span> 
     </span>
     <span class='ocr_line' id='line_1_7' title="bbox 246 854 1773 973; baseline -0.008 -27"><span class='ocrx_word' id='word_1_59' title='bbox 246 874 367 973; x_wconf 89' lang='lat' dir='ltr'>praelis</span> <span class='ocrx_word' id='word_1_60' title='bbox 389 863 653 968; x_wconf 81' lang='lat' dir='ltr'>typographicis</span> <span class='ocrx_word' id='word_1_61' title='bbox 676 855 880 931; x_wconf 84' lang='lat' dir='ltr'>carnificum</span> <span class='ocrx_word' id='word_1_62' title='bbox 905 875 1081 936; x_wconf 82' lang='lat' dir='ltr'>tormenta</span> <span class='ocrx_word' id='word_1_63' title='bbox 1096 854 1239 928; x_wconf 89' lang='lat' dir='ltr'>validius</span> <span class='ocrx_word' id='word_1_64' title='bbox 1263 857 1465 932; x_wconf 87' lang='lat' dir='ltr'>adversarios</span> <span class='ocrx_word' id='word_1_65' title='bbox 1488 863 1688 940; x_wconf 66' lang='lat' dir='ltr'>confessura</span> <span class='ocrx_word' id='word_1_66' title='bbox 1704 870 1773 943; x_wconf 74' lang='lat' dir='ltr'>effe</span> 
     </span>
     <span class='ocr_line' id='line_1_8' title="bbox 243 952 1771 1063; baseline -0.006 -18"><span class='ocrx_word' id='word_1_67' title='bbox 243 965 523 1045; x_wconf 84' lang='lat' dir='ltr'>dominatoribus</span> <span class='ocrx_word' id='word_1_68' title='bbox 548 956 776 1060; x_wconf 79' lang='lat' dir='ltr'>persuaserunt</span> <span class='ocrx_word' id='word_1_69' title='bbox 799 953 986 1054; x_wconf 84' lang='lat' dir='ltr'>tyrannidis</span> <span class='ocrx_word' id='word_1_70' title='bbox 1010 952 1197 1044; x_wconf 73' lang='lat' dir='ltr'>satellites,</span> <span class='ocrx_word' id='word_1_71' title='bbox 1222 954 1370 1027; x_wconf 61' lang='lat' dir='ltr'>victores</span> <span class='ocrx_word' id='word_1_72' title='bbox 1393 957 1485 1055; x_wconf 80' lang='lat' dir='ltr'>ipsi,</span> <span class='ocrx_word' id='word_1_73' title='bbox 1513 960 1618 1035; x_wconf 90' lang='lat' dir='ltr'>securi</span> <span class='ocrx_word' id='word_1_74' title='bbox 1640 969 1711 1063; x_wconf 89' lang='lat' dir='ltr'>jam</span> <span class='ocrx_word' id='word_1_75' title='bbox 1733 966 1771 1041; x_wconf 60' lang='grc' dir='ltr'>δε</span> 
     </span>
     <span class='ocr_line' id='line_1_9' title="bbox 243 1050 1771 1147; baseline -0.003 -4"><span class='ocrx_word' id='word_1_76' title='bbox 243 1070 307 1144; x_wconf 93' lang='lat' dir='ltr'>soli</span> <span class='ocrx_word' id='word_1_77' title='bbox 323 1066 535 1139; x_wconf 80' lang='lat' dir='ltr'>dominantes</span> <span class='ocrx_word' id='word_1_78' title='bbox 551 1108 563 1147; x_wconf 95' lang='lat'>,</span> <span class='ocrx_word' id='word_1_79' title='bbox 577 1055 638 1128; x_wconf 87' lang='lat' dir='ltr'>ista</span> <span class='ocrx_word' id='word_1_80' title='bbox 651 1055 778 1145; x_wconf 88' lang='lat' dir='ltr'>etiam,</span> <span class='ocrx_word' id='word_1_81' title='bbox 803 1071 844 1125; x_wconf 92' lang='lat' dir='ltr'>ut</span> <span class='ocrx_word' id='word_1_82' title='bbox 860 1051 996 1124; x_wconf 90' lang='lat' dir='ltr'>inutilia</span> <span class='ocrx_word' id='word_1_83' title='bbox 1009 1050 1219 1146; x_wconf 81' lang='lat' dir='ltr'>Tyrannidis</span> <span class='ocrx_word' id='word_1_84' title='bbox 1233 1050 1480 1147; x_wconf 86' lang='lat' dir='ltr'>instrumenta,</span> <span class='ocrx_word' id='word_1_85' title='bbox 1508 1061 1614 1132; x_wconf 89' lang='lat' dir='ltr'>sludia</span> <span class='ocrx_word' id='word_1_86' title='bbox 1630 1061 1771 1139; x_wconf 83' lang='lat' dir='ltr'>insama·</span> 
     </span>
     <span class='ocr_line' id='line_1_10' title="bbox 248 1148 1771 1255; baseline -0.003 -15"><span class='ocrx_word' id='word_1_87' title='bbox 248 1187 331 1240; x_wconf 89' lang='lat' dir='ltr'>runt</span> <span class='ocrx_word' id='word_1_88' title='bbox 348 1215 362 1255; x_wconf 91' lang='lat'><strong><em>‚</em></strong></span> <span class='ocrx_word' id='word_1_89' title='bbox 387 1162 423 1234; x_wconf 91' lang='lat'>&amp;</span> <span class='ocrx_word' id='word_1_90' title='bbox 438 1157 523 1231; x_wconf 91' lang='lat' dir='ltr'>nihil</span> <span class='ocrx_word' id='word_1_91' title='bbox 539 1153 705 1251; x_wconf 87' lang='lat' dir='ltr'>majestati</span> <span class='ocrx_word' id='word_1_92' title='bbox 721 1151 834 1248; x_wconf 86' lang='lat' dir='ltr'>regiae</span> <span class='ocrx_word' id='word_1_93' title='bbox 853 1148 963 1247; x_wconf 87' lang='lat' dir='ltr'>magis</span> <span class='ocrx_word' id='word_1_94' title='bbox 977 1149 1191 1249; x_wconf 83' lang='lat' dir='ltr'>convenire,</span> <span class='ocrx_word' id='word_1_95' title='bbox 1215 1170 1318 1247; x_wconf 86' lang='lat' dir='ltr'>quam</span> <span class='ocrx_word' id='word_1_96' title='bbox 1334 1172 1436 1224; x_wconf 88' lang='lat' dir='ltr'>curae</span> <span class='ocrx_word' id='word_1_97' title='bbox 1456 1151 1531 1226; x_wconf 88' lang='lat' dir='ltr'>suae</span> <span class='ocrx_word' id='word_1_98' title='bbox 1545 1155 1713 1253; x_wconf 72' lang='lat' dir='ltr'>subjeslos</span> <span class='ocrx_word' id='word_1_99' title='bbox 1729 1160 1771 1237; x_wconf 92' lang='lat' dir='ltr'>ad</span> 
     </span>
     <span class='ocr_line' id='line_1_11' title="bbox 247 1242 1772 1343; baseline -0.002 -6"><span class='ocrx_word' id='word_1_100' title='bbox 247 1265 392 1337; x_wconf 85' lang='lat' dir='ltr'>serarum</span> <span class='ocrx_word' id='word_1_101' title='bbox 415 1257 451 1328; x_wconf 85' lang='lat'>&amp;</span> <span class='ocrx_word' id='word_1_102' title='bbox 476 1254 664 1327; x_wconf 88' lang='lat' dir='ltr'>belluarum</span> <span class='ocrx_word' id='word_1_103' title='bbox 689 1247 815 1320; x_wconf 89' lang='lat' dir='ltr'>sortem</span> <span class='ocrx_word' id='word_1_104' title='bbox 838 1244 1021 1317; x_wconf 83' lang='lat' dir='ltr'>detrudere</span> <span class='ocrx_word' id='word_1_105' title='bbox 1040 1242 1282 1343; x_wconf 85' lang='lat' dir='ltr'>persuaserunt.</span> <span class='ocrx_word' id='word_1_106' title='bbox 1339 1248 1407 1321; x_wconf 73' lang='lat' dir='ltr'>de</span> <span class='ocrx_word' id='word_1_107' title='bbox 1425 1249 1548 1324; x_wconf 89' lang='lat' dir='ltr'>deinde</span> <span class='ocrx_word' id='word_1_108' title='bbox 1565 1255 1602 1326; x_wconf 88' lang='lat' dir='ltr'>in</span> <span class='ocrx_word' id='word_1_109' title='bbox 1616 1252 1772 1335; x_wconf 64' lang='lat' dir='ltr'>aussores</span> 
     </span>
     <span class='ocr_line' id='line_1_12' title="bbox 245 1340 1771 1453; baseline -0.001 -23"><span class='ocrx_word' id='word_1_110' title='bbox 245 1360 284 1430; x_wconf 71' lang='grc' dir='ltr'>ὅ(</span> <span class='ocrx_word' id='word_1_111' title='bbox 301 1352 479 1453; x_wconf 88' lang='lat' dir='ltr'>magistros</span> <span class='ocrx_word' id='word_1_112' title='bbox 494 1350 595 1448; x_wconf 89' lang='lat' dir='ltr'>hujus</span> <span class='ocrx_word' id='word_1_113' title='bbox 611 1344 836 1419; x_wconf 87' lang='lat' dir='ltr'>immanitatis</span> <span class='ocrx_word' id='word_1_114' title='bbox 855 1340 1052 1432; x_wconf 86' lang='lat' dir='ltr'>inauditae,</span> <span class='ocrx_word' id='word_1_115' title='bbox 1080 1341 1115 1413; x_wconf 89' lang='lat'>&amp;</span> <span class='ocrx_word' id='word_1_116' title='bbox 1132 1352 1219 1440; x_wconf 82' lang='lat' dir='ltr'>q&#39;uae</span> <span class='ocrx_word' id='word_1_117' title='bbox 1233 1368 1304 1417; x_wconf 93' lang='lat' dir='ltr'>non</span> <span class='ocrx_word' id='word_1_118' title='bbox 1320 1346 1427 1419; x_wconf 88' lang='lat' dir='ltr'>modo</span> <span class='ocrx_word' id='word_1_119' title='bbox 1443 1348 1679 1425; x_wconf 87' lang='lat' dir='ltr'>crudelitatem</span> <span class='ocrx_word' id='word_1_120' title='bbox 1699 1358 1771 1428; x_wconf 88' lang='lat' dir='ltr'>De·</span> 
     </span>
     <span class='ocr_line' id='line_1_13' title="bbox 244 1439 1776 1545; baseline 0.001 -19"><span class='ocrx_word' id='word_1_121' title='bbox 244 1457 290 1527; x_wconf 92' lang='lat' dir='ltr'>cii</span> <span class='ocrx_word' id='word_1_122' title='bbox 314 1453 350 1524; x_wconf 70' lang='grc' dir='ltr'>ὅ(</span> <span class='ocrx_word' id='word_1_123' title='bbox 368 1446 613 1538; x_wconf 79' lang='lat' dir='ltr'>Diocletiani,</span> <span class='ocrx_word' id='word_1_124' title='bbox 642 1443 699 1517; x_wconf 88' lang='lat' dir='ltr'>sed</span> <span class='ocrx_word' id='word_1_125' title='bbox 722 1441 880 1517; x_wconf 89' lang='lat' dir='ltr'>astutiam</span> <span class='ocrx_word' id='word_1_126' title='bbox 905 1439 943 1513; x_wconf 87' lang='lat'>&amp;</span> <span class='ocrx_word' id='word_1_127' title='bbox 968 1439 1208 1532; x_wconf 88' lang='lat' dir='ltr'>dolosJulianl</span> <span class='ocrx_word' id='word_1_128' title='bbox 1229 1465 1349 1515; x_wconf 88' lang='lat' dir='ltr'>omnes</span> <span class='ocrx_word' id='word_1_129' title='bbox 1373 1443 1570 1545; x_wconf 90' lang='lat' dir='ltr'>superavit,</span> <span class='ocrx_word' id='word_1_130' title='bbox 1602 1450 1776 1528; x_wconf 88' lang='lat' dir='ltr'>calamitas</span> 
     </span>
     <span class='ocr_line' id='line_1_14' title="bbox 244 1534 1778 1646; baseline -0.005 -17"><span class='ocrx_word' id='word_1_131' title='bbox 244 1550 377 1629; x_wconf 86' lang='lat' dir='ltr'>recidit.</span> <span class='ocrx_word' id='word_1_132' title='bbox 426 1546 483 1619; x_wconf 92' lang='lat' dir='ltr'>Illi</span> <span class='ocrx_word' id='word_1_133' title='bbox 504 1546 629 1634; x_wconf 89' lang='lat' dir='ltr'>enim,</span> <span class='ocrx_word' id='word_1_134' title='bbox 654 1543 714 1640; x_wconf 90' lang='lat' dir='ltr'>qui</span> <span class='ocrx_word' id='word_1_135' title='bbox 744 1539 777 1613; x_wconf 92' lang='lat' dir='ltr'>se</span> <span class='ocrx_word' id='word_1_136' title='bbox 803 1534 948 1637; x_wconf 85' lang='lat' dir='ltr'>Jansenii</span> <span class='ocrx_word' id='word_1_137' title='bbox 970 1535 1150 1611; x_wconf 68' lang='lat' dir='ltr'>senatores</span> <span class='ocrx_word' id='word_1_138' title='bbox 1172 1538 1451 1636; x_wconf 87' lang='lat' dir='ltr'>profitebantur,</span> <span class='ocrx_word' id='word_1_139' title='bbox 1485 1542 1521 1616; x_wconf 88' lang='lat'>&amp;</span> <span class='ocrx_word' id='word_1_140' title='bbox 1545 1568 1646 1642; x_wconf 88' lang='lat' dir='ltr'>penes</span> <span class='ocrx_word' id='word_1_141' title='bbox 1668 1574 1778 1646; x_wconf 86' lang='lat' dir='ltr'>quos,</span> 
     </span>
     <span class='ocr_line' id='line_1_15' title="bbox 244 1634 1776 1744; baseline 0 -24"><span class='ocrx_word' id='word_1_142' title='bbox 244 1647 379 1744; x_wconf 85' lang='lat' dir='ltr'>Jesuitis</span> <span class='ocrx_word' id='word_1_143' title='bbox 394 1644 514 1717; x_wconf 87' lang='lat' dir='ltr'>omnia</span> <span class='ocrx_word' id='word_1_144' title='bbox 534 1641 677 1739; x_wconf 87' lang='lat' dir='ltr'>vestigia</span> <span class='ocrx_word' id='word_1_145' title='bbox 692 1636 895 1711; x_wconf 88' lang='lat' dir='ltr'>eruditionis</span> <span class='ocrx_word' id='word_1_146' title='bbox 911 1635 1042 1733; x_wconf 90' lang='lat' dir='ltr'>ubique</span> <span class='ocrx_word' id='word_1_147' title='bbox 1064 1634 1176 1706; x_wconf 87' lang='lat' dir='ltr'>delere</span> <span class='ocrx_word' id='word_1_148' title='bbox 1193 1637 1475 1732; x_wconf 87' lang='lat' dir='ltr'>intendentibus,</span> <span class='ocrx_word' id='word_1_149' title='bbox 1500 1643 1660 1743; x_wconf 86' lang='lat' dir='ltr'>reliquiae</span> <span class='ocrx_word' id='word_1_150' title='bbox 1674 1670 1776 1742; x_wconf 89' lang='lat' dir='ltr'>quae·</span> 
     </span>
     <span class='ocr_line' id='line_1_16' title="bbox 245 1728 1780 1842; baseline -0.002 -23"><span class='ocrx_word' id='word_1_151' title='bbox 245 1747 324 1819; x_wconf 89' lang='lat' dir='ltr'>darn</span> <span class='ocrx_word' id='word_1_152' title='bbox 346 1740 550 1816; x_wconf 56' lang='lat' dir='ltr'>&amp;arditionis</span> <span class='ocrx_word' id='word_1_153' title='bbox 571 1736 795 1837; x_wconf 85' lang='lat' dir='ltr'>supererant,</span> <span class='ocrx_word' id='word_1_154' title='bbox 820 1735 899 1832; x_wconf 87' lang='lat' dir='ltr'>quia</span> <span class='ocrx_word' id='word_1_155' title='bbox 914 1728 951 1805; x_wconf 66' lang='grc' dir='ltr'><strong>ἃ</strong></span> <span class='ocrx_word' id='word_1_156' title='bbox 966 1732 1037 1805; x_wconf 91' lang='lat' dir='ltr'>hoc</span> <span class='ocrx_word' id='word_1_157' title='bbox 1051 1733 1191 1806; x_wconf 86' lang='lat' dir='ltr'>nomine</span> <span class='ocrx_word' id='word_1_158' title='bbox 1206 1732 1348 1833; x_wconf 71' lang='lat' dir='ltr'>torpeus</span> <span class='ocrx_word' id='word_1_159' title='bbox 1361 1756 1486 1828; x_wconf 78' lang='lat' dir='ltr'>eram,</span> <span class='ocrx_word' id='word_1_160' title='bbox 1513 1738 1641 1813; x_wconf 88' lang='lat' dir='ltr'>&amp;cum</span> <span class='ocrx_word' id='word_1_161' title='bbox 1653 1742 1780 1842; x_wconf 62' lang='lat' dir='ltr'>tinges</span> 
     </span>
     <span class='ocr_line' id='line_1_17' title="bbox 248 1824 1778 1920; baseline -0.001 -4"><span class='ocrx_word' id='word_1_162' title='bbox 248 1844 342 1917; x_wconf 88' lang='lat' dir='ltr'>notis</span> <span class='ocrx_word' id='word_1_163' title='bbox 358 1837 515 1913; x_wconf 80' lang='lat' dir='ltr'>facere&amp;</span> <span class='ocrx_word' id='word_1_164' title='bbox 531 1834 654 1909; x_wconf 86' lang='lat' dir='ltr'>sentire</span> <span class='ocrx_word' id='word_1_165' title='bbox 670 1835 706 1907; x_wconf 93' lang='lat' dir='ltr'>in</span> <span class='ocrx_word' id='word_1_166' title='bbox 721 1833 839 1906; x_wconf 88' lang='lat' dir='ltr'>multis</span> <span class='ocrx_word' id='word_1_167' title='bbox 851 1824 1248 1920; x_wconf 86' lang='lat' dir='ltr'>accusabantur,deinde</span> <span class='ocrx_word' id='word_1_168' title='bbox 1262 1850 1337 1906; x_wconf 83' lang='lat' dir='ltr'>eant</span> <span class='ocrx_word' id='word_1_169' title='bbox 1435 1833 1688 1912; x_wconf 89' lang='lat' dir='ltr'>dominantium</span> <span class='ocrx_word' id='word_1_170' title='bbox 1705 1845 1778 1915; x_wconf 90' lang='lat' dir='ltr'>vim</span> 
     </span>
     <span class='ocr_line' id='line_1_18' title="bbox 248 1926 1780 2038; baseline -0.001 -25"><span class='ocrx_word' id='word_1_171' title='bbox 248 1938 430 2015; x_wconf 90' lang='lat' dir='ltr'>senserunt.</span> <span class='ocrx_word' id='word_1_172' title='bbox 479 1936 530 2008; x_wconf 90' lang='lat' dir='ltr'>Et</span> <span class='ocrx_word' id='word_1_173' title='bbox 551 1934 631 2031; x_wconf 90' lang='lat' dir='ltr'>quia</span> <span class='ocrx_word' id='word_1_174' title='bbox 644 1930 848 2022; x_wconf 76' lang='lat' dir='ltr'>jesuitarum</span> <span class='ocrx_word' id='word_1_175' title='bbox 872 1948 1018 2038; x_wconf 84' lang='lat' dir='ltr'>regnum</span> <span class='ocrx_word' id='word_1_176' title='bbox 1041 1926 1080 1999; x_wconf 88' lang='lat'>&amp;</span> <span class='ocrx_word' id='word_1_177' title='bbox 1097 1928 1298 2038; x_wconf 88' lang='lat' dir='ltr'>Tyrannis,</span> <span class='ocrx_word' id='word_1_178' title='bbox 1322 1952 1346 2004; x_wconf 91' lang='lat' dir='ltr'>n</span> <span class='ocrx_word' id='word_1_179' title='bbox 1408 1954 1512 2031; x_wconf 89' lang='lat' dir='ltr'>quam</span> <span class='ocrx_word' id='word_1_180' title='bbox 1528 1932 1569 2005; x_wconf 92' lang='lat' dir='ltr'>ad</span> <span class='ocrx_word' id='word_1_181' title='bbox 1586 1934 1780 2029; x_wconf 90' lang='lat' dir='ltr'>summum,</span> 
     </span>
     <span class='ocr_line' id='line_1_19' title="bbox 248 2023 1778 2137; baseline 0 -28"><span class='ocrx_word' id='word_1_182' title='bbox 248 2062 321 2136; x_wconf 93' lang='lat' dir='ltr'>quo</span> <span class='ocrx_word' id='word_1_183' title='bbox 345 2032 556 2121; x_wconf 83' lang='lat' dir='ltr'>contendit,</span> <span class='ocrx_word' id='word_1_184' title='bbox 582 2030 721 2101; x_wconf 91' lang='lat' dir='ltr'>culmen</span> <span class='ocrx_word' id='word_1_185' title='bbox 744 2024 781 2137; x_wconf 64' lang='lat'>⁸}</span> <span class='ocrx_word' id='word_1_186' title='bbox 805 2023 980 2123; x_wconf 80' lang='lat' dir='ltr'>fastigium</span> <span class='ocrx_word' id='word_1_187' title='bbox 1003 2042 1180 2122; x_wconf 77' lang='lat' dir='ltr'>pervenere</span> <span class='ocrx_word' id='word_1_188' title='bbox 1201 2026 1342 2122; x_wconf 84' lang='lat' dir='ltr'>potest,</span> <span class='ocrx_word' id='word_1_189' title='bbox 1367 2029 1532 2126; x_wconf 90' lang='lat' dir='ltr'>quamdiu</span> <span class='ocrx_word' id='word_1_190' title='bbox 1548 2032 1715 2106; x_wconf 84' lang='lat' dir='ltr'>humanus</span> <span class='ocrx_word' id='word_1_191' title='bbox 1740 2036 1778 2109; x_wconf 67' lang='grc' dir='ltr'>δι’</span> 
     </span>
     <span class='ocr_line' id='line_1_20' title="bbox 252 2119 1783 2227; baseline 0.001 -20"><span class='ocrx_word' id='word_1_192' title='bbox 252 2133 448 2208; x_wconf 87' lang='lat' dir='ltr'>communis</span> <span class='ocrx_word' id='word_1_193' title='bbox 465 2128 572 2201; x_wconf 86' lang='lat' dir='ltr'>modo</span> <span class='ocrx_word' id='word_1_194' title='bbox 588 2127 624 2197; x_wconf 92' lang='lat' dir='ltr'>in</span> <span class='ocrx_word' id='word_1_195' title='bbox 642 2121 844 2197; x_wconf 76' lang='lat' dir='ltr'>hominibus</span> <span class='ocrx_word' id='word_1_196' title='bbox 858 2119 967 2194; x_wconf 88' lang='lat' dir='ltr'>sensus</span> <span class='ocrx_word' id='word_1_197' title='bbox 978 2120 1198 2219; x_wconf 88' lang='lat' dir='ltr'>supererunt,</span> <span class='ocrx_word' id='word_1_198' title='bbox 1212 2122 1297 2197; x_wconf 91' lang='lat' dir='ltr'>hinc</span> <span class='ocrx_word' id='word_1_199' title='bbox 1309 2124 1535 2217; x_wconf 86' lang='lat' dir='ltr'>adversarios,</span> <span class='ocrx_word' id='word_1_200' title='bbox 1549 2153 1637 2227; x_wconf 90' lang='lat' dir='ltr'>quos</span> <span class='ocrx_word' id='word_1_201' title='bbox 1651 2132 1783 2208; x_wconf 83' lang='lat' dir='ltr'>caussae</span> 
     </span>
     <span class='ocr_line' id='line_1_21' title="bbox 253 2217 1780 2322; baseline 0 -17"><span class='ocrx_word' id='word_1_202' title='bbox 253 2232 328 2306; x_wconf 87' lang='lat' dir='ltr'>suae</span> <span class='ocrx_word' id='word_1_203' title='bbox 339 2224 571 2301; x_wconf 87' lang='lat' dir='ltr'>defendendae</span> <span class='ocrx_word' id='word_1_204' title='bbox 584 2224 672 2295; x_wconf 87' lang='lat' dir='ltr'>ratio</span> <span class='ocrx_word' id='word_1_205' title='bbox 687 2223 788 2321; x_wconf 86' lang='lat' dir='ltr'>cogit</span> <span class='ocrx_word' id='word_1_206' title='bbox 801 2220 913 2292; x_wconf 88' lang='lat' dir='ltr'>literas</span> <span class='ocrx_word' id='word_1_207' title='bbox 928 2218 1042 2291; x_wconf 87' lang='lat' dir='ltr'>adhuc</span> <span class='ocrx_word' id='word_1_208' title='bbox 1058 2217 1095 2291; x_wconf 73' lang='lat' dir='ltr'>sc</span> <span class='ocrx_word' id='word_1_209' title='bbox 1110 2219 1217 2293; x_wconf 86' lang='lat' dir='ltr'>libros</span> <span class='ocrx_word' id='word_1_210' title='bbox 1234 2222 1631 2322; x_wconf 75' lang='lat' dir='ltr'>traslate,perdomandi</span> <span class='ocrx_word' id='word_1_211' title='bbox 1647 2250 1706 2303; x_wconf 88' lang='lat' dir='ltr'>aut</span> <span class='ocrx_word' id='word_1_212' title='bbox 1719 2226 1780 2304; x_wconf 52' lang='lat' dir='ltr'>dess</span> 
     </span>
     <span class='ocr_line' id='line_1_22' title="bbox 253 2314 1781 2425; baseline -0.001 -23"><span class='ocrx_word' id='word_1_213' title='bbox 253 2327 346 2403; x_wconf 90' lang='lat' dir='ltr'>lendi</span> <span class='ocrx_word' id='word_1_214' title='bbox 370 2323 463 2398; x_wconf 81' lang='lat' dir='ltr'>nulla</span> <span class='ocrx_word' id='word_1_215' title='bbox 486 2322 549 2396; x_wconf 86' lang='lat' dir='ltr'>alia</span> <span class='ocrx_word' id='word_1_216' title='bbox 572 2320 732 2418; x_wconf 87' lang='lat' dir='ltr'>apparuit</span> <span class='ocrx_word' id='word_1_217' title='bbox 753 2319 836 2405; x_wconf 89' lang='lat' dir='ltr'>via,</span> <span class='ocrx_word' id='word_1_218' title='bbox 861 2314 924 2388; x_wconf 82' lang='lat' dir='ltr'>nifi</span> <span class='ocrx_word' id='word_1_219' title='bbox 949 2334 990 2387; x_wconf 90' lang='lat' dir='ltr'>ut</span> <span class='ocrx_word' id='word_1_220' title='bbox 1013 2316 1183 2390; x_wconf 87' lang='lat' dir='ltr'>barbaries</span> <span class='ocrx_word' id='word_1_221' title='bbox 1206 2321 1346 2421; x_wconf 91' lang='lat' dir='ltr'>antiqua</span> <span class='ocrx_word' id='word_1_222' title='bbox 1375 2321 1589 2414; x_wconf 86' lang='lat' dir='ltr'>inducatur,</span> <span class='ocrx_word' id='word_1_223' title='bbox 1616 2324 1653 2398; x_wconf 75' lang='lat' dir='ltr'>bt</span> <span class='ocrx_word' id='word_1_224' title='bbox 1677 2351 1781 2425; x_wconf 89' lang='lat' dir='ltr'>quae·</span> 
     </span>
     <span class='ocr_line' id='line_1_23' title="bbox 253 2410 1783 2588; baseline 0.003 -90"><span class='ocrx_word' id='word_1_225' title='bbox 253 2445 405 2522; x_wconf 88' lang='lat' dir='ltr'>cumque</span> <span class='ocrx_word' id='word_1_226' title='bbox 419 2439 574 2494; x_wconf 87' lang='lat' dir='ltr'>veterum</span> <span class='ocrx_word' id='word_1_227' title='bbox 589 2410 868 2491; x_wconf 85' lang='lat' dir='ltr'>monumenta&amp;</span> <span class='ocrx_word' id='word_1_228' title='bbox 883 2412 1280 2513; x_wconf 80' lang='lat' dir='ltr'>eruditaeantiquitatis</span> <span class='ocrx_word' id='word_1_229' title='bbox 1300 2418 1443 2588; x_wconf 72' lang='lat' dir='ltr'>&#39;vestigia</span> <span class='ocrx_word' id='word_1_230' title='bbox 1460 2419 1585 2494; x_wconf 90' lang='lat' dir='ltr'>restant</span> <span class='ocrx_word' id='word_1_231' title='bbox 1602 2473 1615 2513; x_wconf 96' lang='lat'>,</span> <span class='ocrx_word' id='word_1_232' title='bbox 1641 2446 1783 2520; x_wconf 86' lang='lat' dir='ltr'>pereant</span> 
     </span>
     <span class='ocr_line' id='line_1_24' title="bbox 255 2509 1787 2619; baseline 0 -24"><span class='ocrx_word' id='word_1_233' title='bbox 255 2525 293 2596; x_wconf 74' lang='grc' dir='ltr'>ὃ(</span> <span class='ocrx_word' id='word_1_234' title='bbox 309 2521 582 2619; x_wconf 84' lang='lat' dir='ltr'>exstinguantur.</span> <span class='ocrx_word' id='word_1_235' title='bbox 633 2517 717 2588; x_wconf 87' lang='lat' dir='ltr'>Hoc</span> <span class='ocrx_word' id='word_1_236' title='bbox 732 2513 856 2587; x_wconf 89' lang='lat' dir='ltr'>docuit</span> <span class='ocrx_word' id='word_1_237' title='bbox 879 2509 1064 2584; x_wconf 87' lang='lat' dir='ltr'>fatuusllle</span> <span class='ocrx_word' id='word_1_238' title='bbox 1077 2511 1169 2587; x_wconf 87' lang='lat' dir='ltr'>visus</span> <span class='ocrx_word' id='word_1_239' title='bbox 1184 2514 1303 2587; x_wconf 88' lang='lat' dir='ltr'>multis</span> <span class='ocrx_word' id='word_1_240' title='bbox 1321 2567 1333 2607; x_wconf 96' lang='lat'>,</span> <span class='ocrx_word' id='word_1_241' title='bbox 1359 2515 1390 2588; x_wconf 90' lang='lat' dir='ltr'>se</span> <span class='ocrx_word' id='word_1_242' title='bbox 1432 2517 1517 2589; x_wconf 89' lang='lat' dir='ltr'>huic</span> <span class='ocrx_word' id='word_1_243' title='bbox 1532 2519 1704 2615; x_wconf 77' lang='lat' dir='ltr'>tyrannidi</span> <span class='ocrx_word' id='word_1_244' title='bbox 1721 2522 1787 2601; x_wconf 84' lang='lat' dir='ltr'>sta·</span> 
     </span>
     <span class='ocr_line' id='line_1_25' title="bbox 257 2607 1787 2717; baseline 0 -23"><span class='ocrx_word' id='word_1_245' title='bbox 257 2617 427 2694; x_wconf 90' lang='lat' dir='ltr'>biliendae</span> <span class='ocrx_word' id='word_1_246' title='bbox 442 2616 545 2689; x_wconf 89' lang='lat' dir='ltr'>unice</span> <span class='ocrx_word' id='word_1_247' title='bbox 565 2613 719 2703; x_wconf 82' lang='lat' dir='ltr'>faciens,</span> <span class='ocrx_word' id='word_1_248' title='bbox 744 2613 781 2683; x_wconf 88' lang='lat' dir='ltr'>in</span> <span class='ocrx_word' id='word_1_249' title='bbox 795 2607 937 2703; x_wconf 68' lang='lat' dir='ltr'>jansenii</span> <span class='ocrx_word' id='word_1_250' title='bbox 952 2607 1130 2683; x_wconf 62' lang='lat' dir='ltr'>sedatores</span> <span class='ocrx_word' id='word_1_251' title='bbox 1155 2611 1317 2707; x_wconf 88' lang='lat' dir='ltr'>impetus.</span> <span class='ocrx_word' id='word_1_252' title='bbox 1364 2615 1449 2683; x_wconf 89' lang='lat' dir='ltr'>Hoc</span> <span class='ocrx_word' id='word_1_253' title='bbox 1467 2616 1664 2689; x_wconf 86' lang='lat' dir='ltr'>vexationes</span> <span class='ocrx_word' id='word_1_254' title='bbox 1690 2612 1787 2717; x_wconf 64' lang='lat' dir='ltr'>illae,</span> 
     </span>
     <span class='ocr_line' id='line_1_26' title="bbox 258 2704 1788 2817; baseline 0.003 -28"><span class='ocrx_word' id='word_1_255' title='bbox 258 2717 383 2815; x_wconf 90' lang='lat' dir='ltr'>quibus</span> <span class='ocrx_word' id='word_1_256' title='bbox 399 2738 470 2787; x_wconf 91' lang='lat' dir='ltr'>non</span> <span class='ocrx_word' id='word_1_257' title='bbox 486 2712 670 2811; x_wconf 85' lang='lat' dir='ltr'>benignius</span> <span class='ocrx_word' id='word_1_258' title='bbox 686 2708 724 2781; x_wconf 76' lang='lat' dir='ltr'>dt</span> <span class='ocrx_word' id='word_1_259' title='bbox 742 2708 861 2781; x_wconf 88' lang='lat' dir='ltr'>mitius</span> <span class='ocrx_word' id='word_1_260' title='bbox 878 2704 942 2804; x_wconf 82' lang='lat' dir='ltr'>ipsi</span> <span class='ocrx_word' id='word_1_261' title='bbox 960 2705 1093 2797; x_wconf 87' lang='lat' dir='ltr'>hodie,</span> <span class='ocrx_word' id='word_1_262' title='bbox 1116 2724 1218 2803; x_wconf 88' lang='lat' dir='ltr'>quam</span> <span class='ocrx_word' id='word_1_263' title='bbox 1243 2707 1328 2779; x_wconf 87' lang='lat' dir='ltr'>olim</span> <span class='ocrx_word' id='word_1_264' title='bbox 1345 2708 1559 2807; x_wconf 90' lang='lat' dir='ltr'>Hugenoti,</span> <span class='ocrx_word' id='word_1_265' title='bbox 1583 2712 1788 2817; x_wconf 71' lang='lat' dir='ltr'>traslantur,</span> 
     </span>
     <span class='ocr_line' id='line_1_27' title="bbox 259 2800 1791 2913; baseline 0.001 -26"><span class='ocrx_word' id='word_1_266' title='bbox 259 2815 296 2887; x_wconf 79' lang='lat' dir='ltr'>bt</span> <span class='ocrx_word' id='word_1_267' title='bbox 311 2836 398 2912; x_wconf 88' lang='lat' dir='ltr'>quae</span> <span class='ocrx_word' id='word_1_268' title='bbox 414 2814 450 2883; x_wconf 89' lang='lat' dir='ltr'>in</span> <span class='ocrx_word' id='word_1_269' title='bbox 464 2811 654 2908; x_wconf 89' lang='lat' dir='ltr'>perniciem</span> <span class='ocrx_word' id='word_1_270' title='bbox 672 2806 761 2879; x_wconf 88' lang='lat' dir='ltr'>illius</span> <span class='ocrx_word' id='word_1_271' title='bbox 777 2804 902 2905; x_wconf 82' lang='lat' dir='ltr'>partis,</span> <span class='ocrx_word' id='word_1_272' title='bbox 926 2824 1013 2901; x_wconf 89' lang='lat' dir='ltr'>quae</span> <span class='ocrx_word' id='word_1_273' title='bbox 1026 2800 1139 2900; x_wconf 81' lang='lat' dir='ltr'>aliqua</span> <span class='ocrx_word' id='word_1_274' title='bbox 1153 2802 1267 2876; x_wconf 89' lang='lat' dir='ltr'>adhuc</span> <span class='ocrx_word' id='word_1_275' title='bbox 1292 2802 1468 2877; x_wconf 74' lang='lat' dir='ltr'>dosirinae</span> <span class='ocrx_word' id='word_1_276' title='bbox 1483 2804 1573 2880; x_wconf 85' lang='lat' dir='ltr'>sama</span> <span class='ocrx_word' id='word_1_277' title='bbox 1588 2807 1791 2913; x_wconf 75' lang='lat' dir='ltr'>fruebatur,</span> 
     </span>
     <span class='ocr_line' id='line_1_28' title="bbox 259 2898 1791 3008; baseline -0.006 -24"><span class='ocrx_word' id='word_1_278' title='bbox 259 2909 470 3008; x_wconf 87' lang='lat' dir='ltr'>conspiratos</span> <span class='ocrx_word' id='word_1_279' title='bbox 481 2905 621 3001; x_wconf 86' lang='lat' dir='ltr'>Jesuitas</span> <span class='ocrx_word' id='word_1_280' title='bbox 635 2904 673 2977; x_wconf 89' lang='lat'>&amp;</span> <span class='ocrx_word' id='word_1_281' title='bbox 687 2899 922 2977; x_wconf 82' lang='lat' dir='ltr'>Romanenses</span> <span class='ocrx_word' id='word_1_282' title='bbox 937 2898 1304 2996; x_wconf 59' lang='lat' dir='ltr'>praesuleseonjumsl&#39;e</span> <span class='ocrx_word' id='word_1_283' title='bbox 1318 2898 1515 2975; x_wconf 87' lang='lat' dir='ltr'>ostendunt.</span> <span class='ocrx_word' id='word_1_284' title='bbox 1565 2904 1696 2982; x_wconf 88' lang='lat' dir='ltr'>Deleto</span> <span class='ocrx_word' id='word_1_285' title='bbox 1706 2912 1791 3007; x_wconf 83' lang='lat' dir='ltr'>Jan.</span> 
     </span>
     <span class='ocr_line' id='line_1_29' title="bbox 261 2992 1791 3106; baseline 0.004 -27"><span class='ocrx_word' id='word_1_286' title='bbox 261 3005 439 3095; x_wconf 89' lang='lat' dir='ltr'>senismo,</span> <span class='ocrx_word' id='word_1_287' title='bbox 472 3004 531 3099; x_wconf 89' lang='lat' dir='ltr'>qni</span> <span class='ocrx_word' id='word_1_288' title='bbox 554 2998 699 3075; x_wconf 81' lang='lat' dir='ltr'>erudelis</span> <span class='ocrx_word' id='word_1_289' title='bbox 720 2999 794 3072; x_wconf 90' lang='lat' dir='ltr'>odii</span> <span class='ocrx_word' id='word_1_290' title='bbox 815 2997 863 3068; x_wconf 90' lang='lat' dir='ltr'>sui</span> <span class='ocrx_word' id='word_1_291' title='bbox 889 2997 926 3068; x_wconf 93' lang='lat' dir='ltr'>in</span> <span class='ocrx_word' id='word_1_292' title='bbox 952 2992 1167 3094; x_wconf 83' lang='lat' dir='ltr'>Hugenotos</span> <span class='ocrx_word' id='word_1_293' title='bbox 1197 3016 1291 3070; x_wconf 91' lang='lat' dir='ltr'>nunc</span> <span class='ocrx_word' id='word_1_294' title='bbox 1309 2995 1414 3098; x_wconf 85' lang='lat' dir='ltr'>justas</span> <span class='ocrx_word' id='word_1_295' title='bbox 1438 2998 1478 3072; x_wconf 81' lang='lat' dir='ltr'>bt</span> <span class='ocrx_word' id='word_1_296' title='bbox 1499 3001 1636 3077; x_wconf 88' lang='lat' dir='ltr'>meritas</span> <span class='ocrx_word' id='word_1_297' title='bbox 1661 3028 1791 3106; x_wconf 89' lang='lat' dir='ltr'>poenas</span> 
     </span>
     <span class='ocr_line' id='line_1_30' title="bbox 260 3088 1792 3195; baseline 0.005 -20"><span class='ocrx_word' id='word_1_298' title='bbox 260 3103 347 3192; x_wconf 89' lang='lat' dir='ltr'>luit,</span> <span class='ocrx_word' id='word_1_299' title='bbox 372 3101 433 3174; x_wconf 91' lang='lat' dir='ltr'>soli</span> <span class='ocrx_word' id='word_1_300' title='bbox 450 3097 721 3172; x_wconf 90' lang='lat' dir='ltr'>dominabuntur</span> <span class='ocrx_word' id='word_1_301' title='bbox 737 3098 775 3168; x_wconf 92' lang='lat' dir='ltr'>in</span> <span class='ocrx_word' id='word_1_302' title='bbox 790 3088 958 3167; x_wconf 83' lang='lat' dir='ltr'>exhausto</span> <span class='ocrx_word' id='word_1_303' title='bbox 973 3092 1012 3166; x_wconf 89' lang='lat'>&amp;</span> <span class='ocrx_word' id='word_1_304' title='bbox 1028 3093 1204 3167; x_wconf 85' lang='lat' dir='ltr'>exinanito</span> <span class='ocrx_word' id='word_1_305' title='bbox 1218 3114 1255 3167; x_wconf 85' lang='lat' dir='ltr'>re</span> <span class='ocrx_word' id='word_1_306' title='bbox 1282 3119 1328 3168; x_wconf 91' lang='lat' dir='ltr'>no</span> <span class='ocrx_word' id='word_1_307' title='bbox 1343 3094 1505 3192; x_wconf 86' lang='lat' dir='ltr'>Jesuitae‚</span> <span class='ocrx_word' id='word_1_308' title='bbox 1529 3101 1587 3195; x_wconf 91' lang='lat' dir='ltr'>qui</span> <span class='ocrx_word' id='word_1_309' title='bbox 1605 3101 1702 3176; x_wconf 82' lang='lat' dir='ltr'>breui</span> <span class='ocrx_word' id='word_1_310' title='bbox 1718 3122 1792 3182; x_wconf 86' lang='lat' dir='ltr'>non</span> 
     </span>
     <span class='ocr_line' id='line_1_31' title="bbox 258 3118 1792 3295; baseline 0.002 -22"><span class='ocrx_word' id='word_1_311' title='bbox 258 3200 366 3273; x_wconf 87' lang='lat' dir='ltr'>modo</span> <span class='ocrx_word' id='word_1_312' title='bbox 382 3194 661 3291; x_wconf 70' lang='lat' dir='ltr'>Quinslilianum</span> <span class='ocrx_word' id='word_1_313' title='bbox 680 3214 811 3282; x_wconf 91' lang='lat' dir='ltr'>tuum,</span> <span class='ocrx_word' id='word_1_314' title='bbox 835 3189 891 3263; x_wconf 89' lang='lat' dir='ltr'>sed</span> <span class='ocrx_word' id='word_1_315' title='bbox 916 3212 1035 3263; x_wconf 88' lang='lat' dir='ltr'>omnes</span> <span class='ocrx_word' id='word_1_316' title='bbox 1061 3209 1238 3288; x_wconf 90' lang='lat' dir='ltr'>quotquot</span> <span class='ocrx_word' id='word_1_317' title='bbox 1255 3118 1336 3263; x_wconf 64' lang='lat' dir='ltr'>sunt</span> <span class='ocrx_word' id='word_1_318' title='bbox 1359 3210 1490 3265; x_wconf 70' lang='lat' dir='ltr'>vermes</span> <span class='ocrx_word' id='word_1_319' title='bbox 1514 3193 1721 3295; x_wconf 79' lang='lat' dir='ltr'>scriptores,</span> <span class='ocrx_word' id='word_1_320' title='bbox 1745 3224 1792 3280; x_wconf 86' lang='lat' dir='ltr'>ex</span> 
     </span>
     <span class='ocr_line' id='line_1_32' title="bbox 258 3284 1794 3392; baseline 0.004 -22"><span class='ocrx_word' id='word_1_321' title='bbox 258 3294 439 3371; x_wconf 86' lang='lat' dir='ltr'>scholis&amp;</span> <span class='ocrx_word' id='word_1_322' title='bbox 502 3291 640 3364; x_wconf 87' lang='lat' dir='ltr'>mnasris</span> <span class='ocrx_word' id='word_1_323' title='bbox 662 3287 965 3378; x_wconf 87' lang='lat' dir='ltr'>exturbabunt,&amp;</span> <span class='ocrx_word' id='word_1_324' title='bbox 982 3284 1130 3360; x_wconf 80' lang='lat' dir='ltr'>obtrusis</span> <span class='ocrx_word' id='word_1_325' title='bbox 1143 3284 1219 3359; x_wconf 85' lang='lat' dir='ltr'>suae</span> <span class='ocrx_word' id='word_1_326' title='bbox 1235 3288 1419 3362; x_wconf 88' lang='lat' dir='ltr'>Societatis</span> <span class='ocrx_word' id='word_1_327' title='bbox 1430 3291 1682 3392; x_wconf 89' lang='lat' dir='ltr'>Magistrotum</span> <span class='ocrx_word' id='word_1_328' title='bbox 1696 3296 1794 3376; x_wconf 89' lang='lat' dir='ltr'>libris</span> 
     </span>
     <span class='ocr_line' id='line_1_33' title="bbox 259 3382 1793 3490; baseline 0.003 -23"><span class='ocrx_word' id='word_1_329' title='bbox 259 3397 379 3467; x_wconf 90' lang='lat' dir='ltr'>omnia</span> <span class='ocrx_word' id='word_1_330' title='bbox 396 3390 440 3462; x_wconf 92' lang='lat' dir='ltr'>do</span> <span class='ocrx_word' id='word_1_331' title='bbox 480 3393 571 3463; x_wconf 83' lang='lat' dir='ltr'>rinae</span> <span class='ocrx_word' id='word_1_332' title='bbox 587 3384 625 3462; x_wconf 74' lang='lat' dir='ltr'>bt</span> <span class='ocrx_word' id='word_1_333' title='bbox 640 3388 771 3488; x_wconf 89' lang='lat' dir='ltr'>ingenii</span> <span class='ocrx_word' id='word_1_334' title='bbox 786 3384 888 3485; x_wconf 89' lang='lat' dir='ltr'>prisci</span> <span class='ocrx_word' id='word_1_335' title='bbox 903 3384 1045 3484; x_wconf 85' lang='lat' dir='ltr'>vestigia</span> <span class='ocrx_word' id='word_1_336' title='bbox 1059 3382 1291 3476; x_wconf 85' lang='lat' dir='ltr'>delebunt,&amp;</span> <span class='ocrx_word' id='word_1_337' title='bbox 1306 3384 1367 3460; x_wconf 88' lang='lat' dir='ltr'>sub</span> <span class='ocrx_word' id='word_1_338' title='bbox 1382 3408 1503 3462; x_wconf 91' lang='lat' dir='ltr'>eorum</span> <span class='ocrx_word' id='word_1_339' title='bbox 1520 3412 1630 3490; x_wconf 84' lang='lat' dir='ltr'>regno</span> <span class='ocrx_word' id='word_1_340' title='bbox 1648 3394 1793 3472; x_wconf 89' lang='lat' dir='ltr'>brutum</span> 
     </span>
     <span class='ocr_line' id='line_1_34' title="bbox 262 3480 1793 3591; baseline 0.002 -28"><span class='ocrx_word' id='word_1_341' title='bbox 262 3491 300 3563; x_wconf 79' lang='lat' dir='ltr'>bt</span> <span class='ocrx_word' id='word_1_342' title='bbox 316 3486 452 3563; x_wconf 85' lang='lat' dir='ltr'>fatuum</span> <span class='ocrx_word' id='word_1_343' title='bbox 467 3486 499 3558; x_wconf 85' lang='lat' dir='ltr'>se</span> <span class='ocrx_word' id='word_1_344' title='bbox 513 3485 690 3583; x_wconf 85' lang='lat' dir='ltr'>profiteri,</span> <span class='ocrx_word' id='word_1_345' title='bbox 718 3483 757 3556; x_wconf 80' lang='lat' dir='ltr'>bt</span> <span class='ocrx_word' id='word_1_346' title='bbox 772 3483 858 3575; x_wconf 85' lang='lat' dir='ltr'>ess&#39;e,</span> <span class='ocrx_word' id='word_1_347' title='bbox 877 3506 948 3557; x_wconf 93' lang='lat' dir='ltr'>non</span> <span class='ocrx_word' id='word_1_348' title='bbox 966 3482 1075 3555; x_wconf 88' lang='lat' dir='ltr'>modo</span> <span class='ocrx_word' id='word_1_349' title='bbox 1091 3480 1245 3555; x_wconf 86' lang='lat' dir='ltr'>securum</span> <span class='ocrx_word' id='word_1_350' title='bbox 1261 3480 1299 3555; x_wconf 88' lang='lat'>&amp;</span> <span class='ocrx_word' id='word_1_351' title='bbox 1314 3503 1433 3558; x_wconf 91' lang='lat' dir='ltr'>tutum</span> <span class='ocrx_word' id='word_1_352' title='bbox 1450 3538 1462 3578; x_wconf 96' lang='lat'>,</span> <span class='ocrx_word' id='word_1_353' title='bbox 1489 3486 1543 3559; x_wconf 89' lang='lat' dir='ltr'>sed</span> <span class='ocrx_word' id='word_1_354' title='bbox 1561 3488 1697 3563; x_wconf 89' lang='lat' dir='ltr'>utile&amp;</span> <span class='ocrx_word' id='word_1_355' title='bbox 1712 3495 1793 3591; x_wconf 88' lang='lat' dir='ltr'>glo·</span> 
     </span>
     <span class='ocr_line' id='line_1_35' title="bbox 260 3579 1794 3685; baseline 0.001 -22"><span class='ocrx_word' id='word_1_356' title='bbox 260 3586 419 3679; x_wconf 89' lang='lat' dir='ltr'>riosum,</span> <span class='ocrx_word' id='word_1_357' title='bbox 446 3583 483 3657; x_wconf 79' lang='grc' dir='ltr'>δι</span> <span class='ocrx_word' id='word_1_358' title='bbox 498 3586 642 3656; x_wconf 90' lang='lat' dir='ltr'>unicum</span> <span class='ocrx_word' id='word_1_359' title='bbox 659 3580 840 3680; x_wconf 87' lang='lat' dir='ltr'>sapientiae</span> <span class='ocrx_word' id='word_1_360' title='bbox 853 3598 1098 3679; x_wconf 85' lang='lat' dir='ltr'>argumentum</span> <span class='ocrx_word' id='word_1_361' title='bbox 1116 3579 1299 3654; x_wconf 83' lang='lat' dir='ltr'>habebitur</span> <span class='ocrx_word' id='word_1_362' title='bbox 1315 3609 1323 3654; x_wconf 95' lang='lat'><strong>:</strong></span> <span class='ocrx_word' id='word_1_363' title='bbox 1351 3583 1434 3655; x_wconf 88' lang='lat' dir='ltr'>Nec</span> <span class='ocrx_word' id='word_1_364' title='bbox 1453 3602 1539 3657; x_wconf 86' lang='lat' dir='ltr'>tune</span> <span class='ocrx_word' id='word_1_365' title='bbox 1563 3589 1699 3685; x_wconf 87' lang='lat' dir='ltr'>majoris</span> <span class='ocrx_word' id='word_1_366' title='bbox 1716 3588 1794 3665; x_wconf 85' lang='lat' dir='ltr'>usus</span> 
     </span>
     <span class='ocr_line' id='line_1_36' title="bbox 261 3677 1793 3785; baseline 0.001 -26"><span class='ocrx_word' id='word_1_367' title='bbox 261 3704 324 3760; x_wconf 87' lang='lat' dir='ltr'>tua</span> <span class='ocrx_word' id='word_1_368' title='bbox 342 3684 399 3755; x_wconf 89' lang='lat' dir='ltr'>illa</span> <span class='ocrx_word' id='word_1_369' title='bbox 417 3680 638 3755; x_wconf 85' lang='lat' dir='ltr'>scholasticae</span> <span class='ocrx_word' id='word_1_370' title='bbox 659 3679 861 3753; x_wconf 87' lang='lat' dir='ltr'>emditionis</span> <span class='ocrx_word' id='word_1_371' title='bbox 877 3677 1081 3770; x_wconf 88' lang='lat' dir='ltr'>ostentatio,</span> <span class='ocrx_word' id='word_1_372' title='bbox 1106 3696 1174 3773; x_wconf 90' lang='lat' dir='ltr'>qua</span> <span class='ocrx_word' id='word_1_373' title='bbox 1189 3698 1282 3750; x_wconf 92' lang='lat' dir='ltr'>nunc</span> <span class='ocrx_word' id='word_1_374' title='bbox 1296 3695 1334 3750; x_wconf 86' lang='lat' dir='ltr'>te</span> <span class='ocrx_word' id='word_1_375' title='bbox 1348 3678 1531 3753; x_wconf 90' lang='lat' dir='ltr'>insolenter</span> <span class='ocrx_word' id='word_1_376' title='bbox 1545 3678 1664 3783; x_wconf 74' lang='lat' dir='ltr'>eflers,</span> <span class='ocrx_word' id='word_1_377' title='bbox 1688 3700 1793 3785; x_wconf 85' lang='lat' dir='ltr'>quatu</span> 
     </span>
     <span class='ocr_line' id='line_1_37' title="bbox 261 3773 1793 3872; baseline 0.003 -18"><span class='ocrx_word' id='word_1_378' title='bbox 261 3780 443 3872; x_wconf 88' lang='lat' dir='ltr'>vera,&amp;a</span> <span class='ocrx_word' id='word_1_379' title='bbox 484 3779 632 3852; x_wconf 89' lang='lat' dir='ltr'>rioribus</span> <span class='ocrx_word' id='word_1_380' title='bbox 641 3776 818 3850; x_wconf 85' lang='lat' dir='ltr'>Heroibus</span> <span class='ocrx_word' id='word_1_381' title='bbox 832 3775 1006 3868; x_wconf 86' lang='lat' dir='ltr'>instituta,</span> <span class='ocrx_word' id='word_1_382' title='bbox 1017 3776 1054 3849; x_wconf 77' lang='grc' dir='ltr'>ὅτ</span> <span class='ocrx_word' id='word_1_383' title='bbox 1070 3773 1175 3849; x_wconf 88' lang='lat' dir='ltr'>solida</span> <span class='ocrx_word' id='word_1_384' title='bbox 1190 3774 1359 3850; x_wconf 83' lang='lat' dir='ltr'>bonamm</span> <span class='ocrx_word' id='word_1_385' title='bbox 1374 3778 1500 3853; x_wconf 90' lang='lat' dir='ltr'>artium</span> <span class='ocrx_word' id='word_1_386' title='bbox 1517 3780 1721 3856; x_wconf 84' lang='lat' dir='ltr'>exercitatio</span> <span class='ocrx_word' id='word_1_387' title='bbox 1737 3782 1793 3858; x_wconf 90' lang='lat' dir='ltr'>fu·</span> 
     </span>
     <span class='ocr_line' id='line_1_38' title="bbox 263 3802 1794 3979; baseline 0.002 -27"><span class='ocrx_word' id='word_1_388' title='bbox 263 3898 341 3952; x_wconf 88' lang='lat' dir='ltr'>tura</span> <span class='ocrx_word' id='word_1_389' title='bbox 357 3877 415 3950; x_wconf 71' lang='lat' dir='ltr'>eil</span> <span class='ocrx_word' id='word_1_390' title='bbox 457 3802 540 3951; x_wconf 59' lang='lat' dir='ltr'>gula</span> <span class='ocrx_word' id='word_1_391' title='bbox 555 3876 603 3948; x_wconf 80' lang='lat' dir='ltr'>eli</span> <span class='ocrx_word' id='word_1_392' title='bbox 618 3870 797 3968; x_wconf 88' lang='lat' dir='ltr'>Libertas,</span> <span class='ocrx_word' id='word_1_393' title='bbox 823 3894 893 3965; x_wconf 76' lang='lat' dir='ltr'>tam</span> <span class='ocrx_word' id='word_1_394' title='bbox 908 3875 1032 3950; x_wconf 89' lang='lat' dir='ltr'>mentis</span> <span class='ocrx_word' id='word_1_395' title='bbox 1046 3896 1149 3973; x_wconf 89' lang='lat' dir='ltr'>quarn</span> <span class='ocrx_word' id='word_1_396' title='bbox 1167 3877 1345 3973; x_wconf 89' lang='lat' dir='ltr'>corporis,</span> <span class='ocrx_word' id='word_1_397' title='bbox 1369 3900 1455 3975; x_wconf 88' lang='lat' dir='ltr'>quae</span> <span class='ocrx_word' id='word_1_398' title='bbox 1468 3874 1653 3979; x_wconf 89' lang='lat' dir='ltr'>producit,</span> <span class='ocrx_word' id='word_1_399' title='bbox 1678 3880 1739 3954; x_wconf 91' lang='lat' dir='ltr'>alit</span> <span class='ocrx_word' id='word_1_400' title='bbox 1754 3880 1794 3955; x_wconf 78' lang='lat' dir='ltr'>st</span> 
     </span>
     <span class='ocr_line' id='line_1_39' title="bbox 262 3968 1794 4075; baseline 0.002 -26"><span class='ocrx_word' id='word_1_401' title='bbox 262 3973 456 4075; x_wconf 83' lang='lat' dir='ltr'>amplificat</span> <span class='ocrx_word' id='word_1_402' title='bbox 477 3993 593 4064; x_wconf 83' lang='lat' dir='ltr'>erres,</span> <span class='ocrx_word' id='word_1_403' title='bbox 618 3971 656 4045; x_wconf 76' lang='lat' dir='ltr'>bt</span> <span class='ocrx_word' id='word_1_404' title='bbox 671 3973 826 4073; x_wconf 85' lang='lat' dir='ltr'>regiones</span> <span class='ocrx_word' id='word_1_405' title='bbox 840 3974 921 4073; x_wconf 86' lang='lat' dir='ltr'>jugi</span> <span class='ocrx_word' id='word_1_406' title='bbox 943 3975 1113 4048; x_wconf 84' lang='lat' dir='ltr'>immunes</span> <span class='ocrx_word' id='word_1_407' title='bbox 1136 3968 1307 4067; x_wconf 87' lang='lat' dir='ltr'>illustrat,</span> <span class='ocrx_word' id='word_1_408' title='bbox 1331 3974 1369 4046; x_wconf 91' lang='lat' dir='ltr'>in</span> <span class='ocrx_word' id='word_1_409' title='bbox 1389 3976 1514 4075; x_wconf 90' lang='lat' dir='ltr'>quibus</span> <span class='ocrx_word' id='word_1_410' title='bbox 1538 3975 1606 4047; x_wconf 83' lang='lat' dir='ltr'>fine</span> <span class='ocrx_word' id='word_1_411' title='bbox 1629 3972 1703 4050; x_wconf 93' lang='lat' dir='ltr'>ullo</span> <span class='ocrx_word' id='word_1_412' title='bbox 1727 3977 1794 4052; x_wconf 91' lang='lat' dir='ltr'>itu·</span> 
     </span>
     <span class='ocr_line' id='line_1_40' title="bbox 264 4068 1799 4173; baseline 0.001 -27"><span class='ocrx_word' id='word_1_413' title='bbox 264 4073 427 4146; x_wconf 80' lang='lat' dir='ltr'>tumentis</span> <span class='ocrx_word' id='word_1_414' title='bbox 442 4070 481 4144; x_wconf 85' lang='lat'>&amp;</span> <span class='ocrx_word' id='word_1_415' title='bbox 498 4072 585 4144; x_wconf 81' lang='lat' dir='ltr'>certi</span> <span class='ocrx_word' id='word_1_416' title='bbox 599 4071 680 4145; x_wconf 85' lang='lat' dir='ltr'>mali</span> <span class='ocrx_word' id='word_1_417' title='bbox 696 4090 792 4143; x_wconf 89' lang='lat' dir='ltr'>metu</span> <span class='ocrx_word' id='word_1_418' title='bbox 809 4072 891 4144; x_wconf 91' lang='lat' dir='ltr'>licet</span> <span class='ocrx_word' id='word_1_419' title='bbox 906 4070 1022 4169; x_wconf 91' lang='lat' dir='ltr'>loqui,</span> <span class='ocrx_word' id='word_1_420' title='bbox 1036 4091 1123 4169; x_wconf 87' lang='lat' dir='ltr'>quae</span> <span class='ocrx_word' id='word_1_421' title='bbox 1137 4090 1182 4144; x_wconf 84' lang='lat' dir='ltr'>ex</span> <span class='ocrx_word' id='word_1_422' title='bbox 1197 4073 1302 4144; x_wconf 90' lang='lat' dir='ltr'>animi</span> <span class='ocrx_word' id='word_1_423' title='bbox 1315 4069 1481 4146; x_wconf 88' lang='lat' dir='ltr'>sententia</span> <span class='ocrx_word' id='word_1_424' title='bbox 1495 4092 1574 4145; x_wconf 84' lang='lat' dir='ltr'>veta</span> <span class='ocrx_word' id='word_1_425' title='bbox 1587 4068 1653 4144; x_wconf 81' lang='lat' dir='ltr'>else</span> <span class='ocrx_word' id='word_1_426' title='bbox 1668 4074 1799 4173; x_wconf 90' lang='lat' dir='ltr'>credis,</span> 
     </span>
     <span class='ocr_line' id='line_1_41' title="bbox 268 4162 1796 4267; baseline 0.005 -27"><span class='ocrx_word' id='word_1_427' title='bbox 268 4168 511 4263; x_wconf 86' lang='lat' dir='ltr'>scribere,non</span> <span class='ocrx_word' id='word_1_428' title='bbox 526 4191 613 4267; x_wconf 89' lang='lat' dir='ltr'>quae</span> <span class='ocrx_word' id='word_1_429' title='bbox 626 4167 852 4244; x_wconf 87' lang='lat' dir='ltr'>maledicendi</span> <span class='ocrx_word' id='word_1_430' title='bbox 867 4162 990 4242; x_wconf 88' lang='lat' dir='ltr'>insania</span> <span class='ocrx_word' id='word_1_431' title='bbox 1004 4166 1042 4241; x_wconf 69' lang='grc' dir='ltr'>δί</span> <span class='ocrx_word' id='word_1_432' title='bbox 1059 4167 1284 4262; x_wconf 88' lang='lat' dir='ltr'>murbus,sed</span> <span class='ocrx_word' id='word_1_433' title='bbox 1299 4170 1388 4242; x_wconf 90' lang='lat' dir='ltr'>ratio</span> <span class='ocrx_word' id='word_1_434' title='bbox 1403 4169 1440 4240; x_wconf 80' lang='lat' dir='ltr'>bc</span> <span class='ocrx_word' id='word_1_435' title='bbox 1455 4168 1609 4242; x_wconf 77' lang='lat' dir='ltr'>veritatis</span> <span class='ocrx_word' id='word_1_436' title='bbox 1625 4169 1796 4266; x_wconf 84' lang='lat' dir='ltr'>persuafio</span> 
     </span>
    </p>
   </div>
   <div class='ocr_carea' id='block_1_3' title="bbox 269 4259 1796 4437">
    <p class='ocr_par' dir='ltr' id='par_1_3' title="bbox 269 4259 1796 4437">
     <span class='ocr_line' id='line_1_42' title="bbox 269 4259 1796 4437; baseline 0.001 -99"><span class='ocrx_word' id='word_1_437' title='bbox 269 4264 382 4341; x_wconf 72' lang='lat' dir='ltr'>dissat.</span> <span class='ocrx_word' id='word_1_438' title='bbox 425 4268 467 4340; x_wconf 92' lang='lat' dir='ltr'>ln</span> <span class='ocrx_word' id='word_1_439' title='bbox 480 4265 595 4341; x_wconf 85' lang='lat' dir='ltr'>liberis</span> <span class='ocrx_word' id='word_1_440' title='bbox 611 4284 747 4340; x_wconf 88' lang='lat' dir='ltr'>tantum</span> <span class='ocrx_word' id='word_1_441' title='bbox 767 4260 986 4360; x_wconf 74' lang='lat' dir='ltr'>civitatibus,</span> <span class='ocrx_word' id='word_1_442' title='bbox 1002 4285 1061 4338; x_wconf 90' lang='lat' dir='ltr'>aut</span> <span class='ocrx_word' id='word_1_443' title='bbox 1074 4268 1136 4365; x_wconf 94' lang='lat' dir='ltr'>qui</span> <span class='ocrx_word' id='word_1_444' title='bbox 1152 4266 1332 4340; x_wconf 87' lang='lat' dir='ltr'>moderato</span> <span class='ocrx_word' id='word_1_445' title='bbox 1348 4259 1546 4365; x_wconf 87' lang='lat' dir='ltr'>principum</span> <span class='ocrx_word' id='word_1_446' title='bbox 1566 4267 1711 4437; x_wconf 75' lang='lat' dir='ltr'>imperio</span> <span class='ocrx_word' id='word_1_447' title='bbox 1728 4290 1796 4371; x_wconf 86' lang='lat' dir='ltr'>gu·</span> 
     </span>
    </p>
   </div>
   <div class='ocr_carea' id='block_1_4' title="bbox 263 4361 1799 4753">
    <p class='ocr_par' dir='ltr' id='par_1_4' title="bbox 263 4361 1799 4662">
     <span class='ocr_line' id='line_1_43' title="bbox 267 4361 1797 4467; baseline 0.005 -32"><span class='ocrx_word' id='word_1_448' title='bbox 267 4361 480 4458; x_wconf 77' lang='lat' dir='ltr'>bcrmruur,</span> <span class='ocrx_word' id='word_1_449' title='bbox 504 4364 546 4438; x_wconf 82' lang='lat' dir='ltr'>ad</span> <span class='ocrx_word' id='word_1_450' title='bbox 559 4365 813 4463; x_wconf 85' lang='lat' dir='ltr'>eloquentiam,</span> <span class='ocrx_word' id='word_1_451' title='bbox 838 4367 966 4439; x_wconf 81' lang='lat' dir='ltr'>vanam</span> <span class='ocrx_word' id='word_1_452' title='bbox 980 4363 1199 4455; x_wconf 74' lang='lat' dir='ltr'>doslrinarn,</span> <span class='ocrx_word' id='word_1_453' title='bbox 1224 4363 1263 4434; x_wconf 79' lang='lat' dir='ltr'>bt</span> <span class='ocrx_word' id='word_1_454' title='bbox 1280 4380 1398 4436; x_wconf 85' lang='lat' dir='ltr'>omnes</span> <span class='ocrx_word' id='word_1_455' title='bbox 1413 4364 1588 4466; x_wconf 83' lang='lat' dir='ltr'>graviores</span> <span class='ocrx_word' id='word_1_456' title='bbox 1627 4362 1797 4467; x_wconf 84' lang='lat' dir='ltr'>isciplinas</span> 
     </span>
     <span class='ocr_line' id='line_1_44' title="bbox 263 4454 1799 4565; baseline 0.001 -30"><span class='ocrx_word' id='word_1_457' title='bbox 263 4459 423 4535; x_wconf 82' lang='lat' dir='ltr'>latiffima</span> <span class='ocrx_word' id='word_1_458' title='bbox 442 4464 594 4562; x_wconf 87' lang='lat' dir='ltr'>aperitur</span> <span class='ocrx_word' id='word_1_459' title='bbox 610 4466 724 4561; x_wconf 72' lang='lat' dir='ltr'>Janua.</span> <span class='ocrx_word' id='word_1_460' title='bbox 782 4454 850 4537; x_wconf 86' lang='lat' dir='ltr'>Sed</span> <span class='ocrx_word' id='word_1_461' title='bbox 865 4461 927 4535; x_wconf 91' lang='lat' dir='ltr'>ubi</span> <span class='ocrx_word' id='word_1_462' title='bbox 948 4462 1092 4546; x_wconf 82' lang='lat' dir='ltr'>omnia,</span> <span class='ocrx_word' id='word_1_463' title='bbox 1117 4474 1204 4563; x_wconf 74' lang='lat' dir='ltr'>quae</span> <span class='ocrx_word' id='word_1_464' title='bbox 1226 4459 1264 4530; x_wconf 92' lang='lat' dir='ltr'>in</span> <span class='ocrx_word' id='word_1_465' title='bbox 1283 4459 1465 4565; x_wconf 90' lang='lat' dir='ltr'>publicum</span> <span class='ocrx_word' id='word_1_466' title='bbox 1488 4461 1583 4537; x_wconf 83' lang='lat' dir='ltr'>exire</span> <span class='ocrx_word' id='word_1_467' title='bbox 1606 4484 1799 4559; x_wconf 90' lang='lat' dir='ltr'>conantur,</span> 
     </span>
     <span class='ocr_line' id='line_1_45' title="bbox 263 4554 1799 4662; baseline -0.003 -25"><span class='ocrx_word' id='word_1_468' title='bbox 263 4558 358 4659; x_wconf 67' lang='lat' dir='ltr'>ptius</span> <span class='ocrx_word' id='word_1_469' title='bbox 375 4559 506 4637; x_wconf 67' lang='lat' dir='ltr'>acerbis</span> <span class='ocrx_word' id='word_1_470' title='bbox 520 4560 699 4639; x_wconf 80' lang='lat' dir='ltr'>cersorum</span> <span class='ocrx_word' id='word_1_471' title='bbox 715 4559 809 4662; x_wconf 87' lang='lat' dir='ltr'>stylis</span> <span class='ocrx_word' id='word_1_472' title='bbox 822 4555 930 4643; x_wconf 74' lang='lat' dir='ltr'>effudi</span> <span class='ocrx_word' id='word_1_473' title='bbox 946 4604 959 4653; x_wconf 88' lang='lat'>,</span> <span class='ocrx_word' id='word_1_474' title='bbox 983 4572 1042 4634; x_wconf 82' lang='lat' dir='ltr'>aut</span> <span class='ocrx_word' id='word_1_475' title='bbox 1058 4554 1219 4636; x_wconf 81' lang='lat' dir='ltr'>damnata</span> <span class='ocrx_word' id='word_1_476' title='bbox 1231 4556 1362 4637; x_wconf 87' lang='lat' dir='ltr'>aboleri</span> <span class='ocrx_word' id='word_1_477' title='bbox 1377 4556 1527 4658; x_wconf 85' lang='lat' dir='ltr'>debent,</span> <span class='ocrx_word' id='word_1_478' title='bbox 1542 4563 1637 4661; x_wconf 83' lang='lat' dir='ltr'>quis,</span> <span class='ocrx_word' id='word_1_479' title='bbox 1653 4558 1799 4659; x_wconf 89' lang='lat' dir='ltr'>quaeso,</span> 
     </span>
    </p>

    <p class='ocr_par' dir='ltr' id='par_1_5' title="bbox 1710 4679 1795 4753">
     <span class='ocr_line' id='line_1_46' title="bbox 1710 4679 1795 4753; baseline 0 -18"><span class='ocrx_word' id='word_1_480' title='bbox 1710 4679 1795 4753; x_wconf 76' lang='lat' dir='ltr'>pro·</span> 
     </span>
    </p>
   </div>
   <div class='ocr_carea' id='block_1_5' title="bbox 0 0 2055 5558">
    <p class='ocr_par' dir='ltr' id='par_1_6' title="bbox 0 0 2055 5558">
     <span class='ocr_line' id='line_1_47' title="bbox 0 0 2055 5558; baseline 0 0"><span class='ocrx_word' id='word_1_481' title='bbox 0 0 2055 5558; x_wconf 95' lang='lat' dir='ltr'> </span> 
     </span>
    </p>
   </div>
  </div>
 </body>
</html>
