4058 5558
235 244 316 404 74'
456 275 1545 403 auuuartnuraarssota

122 433 129 447 ⁹
235 445 400 520 stmilrbus
414 450 506 522 notis
519 448 637 548 adjicis
653 446 833 521 clausulam
849 448 965 538 illam,
990 469 1092 542 quatu
1109 440 1240 535 habes,
1265 469 1344 544 pag.
1366 469 1445 544 340.
1460 474 1496 520 n.
1515 472 1594 522 100.
1608 455 1710 524 untias
1725 446 1773 541 est

235 571 332 641 qaam
360 564 396 617 ut
413 552 546 641 prahare
558 551 632 643 jam
657 565 796 640 operteat
825 550 842 620 ἲ
883 549 938 618 Αη
961 542 1112 642 pudebat
1136 542 1375 616 tralatitiarum
1399 568 1589 641 notarum,
1648 572 1772 622 uarum

237 648 458 716 innumerum
477 670 656 717 numerum
672 647 832 743 congeris
848 646 883 717 in
908 642 1053 743 fingulas
1072 643 1236 739 paginas:
1277 640 1352 714 sane
1369 645 1531 742 potuisses
1547 648 1603 719 illa
1621 574 1774 721 sormula

237 742 465 816 honestilsrma
482 795 494 834 ,
529 743 565 814 &
580 745 660 816 viris
675 746 806 842 magnis
821 745 925 816 etiam
941 742 1090 828 usitata,
1121 738 1243 812 millies
1266 742 1330 811 uti.
1346 762 1386 814 ut
1403 765 1481 840 pag.
1506 763 1584 838 353.
1599 769 1776 841 componere

178 851 181 854 ’
238 841 273 912 id
288 842 487 936 estseelare,
512 845 634 932 lenire,
668 847 824 939 mitigare.
875 843 934 916 Sic
950 840 1040 939 apud
1059 837 1159 935 Virg.
1182 862 1211 907 1.
1231 839 1636 936 Aeneidmataspruestat
1653 868 1778 940 campa·

237 941 464 1029 attestatius,
490 938 527 1011 ὃ(
546 941 629 1012 haec
645 942 749 1012 etiarn
764 942 961 1035 Stephanus,
987 938 1023 1009 &
1043 938 1118 1035 quis
1133 934 1227 1006 non?
1253 956 1443 1012 notaverat.

287 1036 405 1129 Qrarn
422 1062 505 1110 veto
523 1038 636 1110 nullae
651 1037 794 1111 salebrae
819 1058 853 1110 te
875 1052 1060 1109 morentur¹
1081 1032 1228 1107 ostendis
1248 1058 1315 1132 pag
1346 1046 1425 1132 361.
1442 1060 1476 1106 n.
1496 1060 1527 1107 2.
1541 1036 1602 1108 ubi
1621 1064 1702 1111 cum
1721 1040 1800 1115 di--
1844 1048 1854 1054 ’

238 1135 339 1208 nisset
363 1135 519 1224 Fabius,
552 1159 624 1229 apes
639 1137 767 1231 stuperet
792 1136 862 1208 &e
890 1133 1279 1225 MOVENDIjudieunr
1294 1143 1443 1225 animas,
1469 1136 1640 1234 Tu,.qui
1660 1140 1724 1212 hic
1740 1166 1781 1214 a·

240 1258 343 1330 quam
367 1233 538 1305 haesuram
556 1233 718 1306 omnibus
741 1235 882 1308 eruditis
902 1231 1096 1322 credebas,
1129 1228 1260 1324 adjicis.
1307 1233 1379 1303 Hac
1392 1234 1605 1327 gerundium,
1630 1242 1781 1335 quadge·

239 1337 339 1403 nitiur‘
347 1331 493 1426 sormam
507 1334 603 1404 hahet
620 1381 632 1423 ,
655 1339 774 1429 regitur
788 1360 808 1406 a
818 1335 1018 1428 praecedenti
1031 1333 1227 1401 nominativa
1241 1337 1285 1422 τῷ
1298 1352 1406 1424 opus,
1421 1329 1591 1425 seeundum
1605 1333 1780 1428 huncsyn-

237 1447 344 1501 taxeas
358 1431 523 1522 ordinem,
553 1452 629 1524 apur
648 1432 793 1503 mouendi
814 1435 932 1503 animas
945 1429 1105 1522 judicum.
1154 1424 1246 1517 Qris
1270 1428 1620 1525 nonquinquattibus
1644 1457 1781 1508 nomen

239 1547 340 1599 tuum
359 1526 566 1618 celebraret,
592 1527 626 1599 ὅ(
645 1525 670 1598 st
687 1551 720 1599 es
737 1529 774 1600 in
790 1529 909 1619 turba,
936 1550 1022 1621 quos
1037 1520 1137 1596 censu
1157 1522 1325 1596 fraudavit
1341 1522 1500 1615 fortuna,
1517 1528 1780 1630 ludimagistro·

238 1648 337 1714 rum,
363 1624 492 1722 duplex
508 1625 573 1698 tibi
590 1626 754 1697 minerval
771 1651 851 1698 cum
867 1625 1050 1698 corollario
1069 1620 1261 1718 penderet?

288 1725 372 1820 Pag.
393 1732 474 1817 365.
494 1748 528 1795 11.
544 1746 604 1819 70.
626 1747 761 1796 memor
777 1730 977 1818 impotentiae
1001 1720 1096 1818 saepe
1107 1719 1211 1815 „apud
1228 1719 1363 1817 judices
1386 1721 1513 1794 vestros
1534 1725 1674 1797 maritos
1698 1749 1782 1802 reos

238 1825 378 1920 peragi,
402 1844 520 1893 mones
537 1821 718 1919 populares
734 1843 843 1914 tuos,
868 1825 1084 1912 impotentiam
1107 1819 1210 1888 etiam
1235 1817 1300 1888 esse
1324 1821 1564 1891 immoderatam
1577 1829 1784 1916 potentiam,

236 1942 324 2015 quae
339 1918 522 2015 superbum
539 1920 736 2016 quempiam
755 1920 791 1991 &
809 1919 948 1992 caeteris
971 1916 1222 1988 intolerabilem
1241 1913 1398 2007 efficiat,
1434 1917 1471 1989 &
1488 1920 1610 2014 probas
1635 1921 1784 1996 duobus

237 2038 258 2085 e
274 2014 498 2087 Cicerone&
517 2017 572 2088 Su
586 2018 685 2087 ronio
700 2018 813 2106 locis,
839 2043 910 2088 non
928 2013 1104 2110 adscriptis
1127 2015 1229 2084 etiam
1256 2013 1455 2109 capitibus,
1486 2038 1525 2088 ut
1544 2017 1581 2090 ὃ(
1599 2020 1780 2112 Stephanus

235 2127 346 2201 tuus,
372 2113 462 2212 apud
480 2135 583 2210 quem
601 2115 718 2187 eadem
737 2116 809 2187 duo
831 2116 909 2188 loca
929 2118 1033 2212 juxta
1046 2109 1078 2182 se
1092 2109 1204 2210 posita
1218 2111 1448 2203 exhibentur,
1465 2112 1662 2209 fecerar‚&
1680 2115 1783 2190 simi·

236 2211 261 2282 li
281 2210 350 2282 sere
369 2210 475 2283 modo
493 2210 684 2285 definierat.

285 2311 368 2407 Pag.
391 2307 471 2404 381.
499 2332 532 2381 n.
550 2319 634 2382 216.
661 2309 849 2384 Horribilis
884 2310 919 2380 in
949 2307 1065 2380 secreti
1093 2303 1337 2379 conscientiam
1362 2307 1506 2381 lestares
1541 2331 1620 2385 tuos
1648 2336 1780 2406 vocas,

233 2410 434 2498 enuntians,
458 2426 498 2477 ut
517 2428 628 2497 vates,
655 2410 714 2504 qui
731 2413 902 2503 quaestnt,
926 2405 1156 2502 praefuerint,
1180 2429 1261 2499 qnae
1278 2424 1498 2483 minuentem
1514 2411 1693 2480 trahantur
1710 2436 1779 2482 no·

236 2503 342 2592 visti,
366 2502 474 2576 namen
494 2506 581 2598 apud
591 2522 710 2578 veteres
728 2507 909 2602 Philalagar
934 2504 1049 2601 (quod
1067 2503 1257 2576 notandum
1275 2554 1288 2593 ,
1322 2509 1366 2574 n'e
1382 2502 1702 2597 &jurisconsultos
1716 2527 1779 2582 aut

233 2603 317 2674 alios
341 2601 377 2673 id
398 2604 508 2674 facete
531 2602 729 2692 credamus)
752 2605 848 2696 inope
863 2654 876 2695 ,
890 2609 963 2698 five
984 2626 1117 2691 namen,
1140 2606 1293 2694 peculiari
1309 2602 1443 2697 quadam
1458 2601 1543 2770 ses

1495 2628 1552 2674 nn
1569 2630 1589 2674 n
1606 2630 1646 2676 nr
1668 2613 1723 2676 ari
1740 2610 1778 2679 de

235 2705 356 2771 nomine
366 2705 516 2792 propria,
547 2702 583 2769 ὅ(
600 2700 679 2771 ideo
698 2704 834 2798 quoties
851 2725 956 2772 namen
975 2750 987 2788 ,
1019 2701 1089 2772 hoc
1111 2696 1204 2771 sensu
1226 2722 1301 2770 raro
1321 2699 1357 2772 &
1376 2698 1490 2770 abstru
1505 2726 1558 2790 o,
1582 2605 1779 2796 hchurrit,

236 2796 302 2869 esse
317 2794 660 2895 subintelligendum,
687 2803 719 2870 ei
729 2805 910 2892 preprium,
936 2796 973 2868 &
988 2797 1103 2887 idem,
1129 2821 1171 2867 ne
1192 2799 1316 2868 excidat
1334 2795 1484 2889 (idest,
1510 2821 1552 2869 ne
1568 2799 1779 2875 obliviscan-

241 2914 301 2964 tur
324 2894 498 2985 littores,
531 2915 570 2968 ut
592 2894 696 2969 doces
721 2919 798 2994 pag.
823 2893 881 2973 80.
899 2920 933 2967 n¹
948 2917 1005 2982 27.
1022 2893 1095 2968 686
1124 2917 1157 2963 n.
1178 2915 1232 2988 52.
1258 2916 1341 2978 209·
1366 2919 1398 2965 n.
1421 2916 1506 2988 471.
1533 2899 1610 2992 post
1633 2922 1713 2971 mea
1736 2899 1779 2972 ad

237 2991 387 3065 Declam
404 3016 535 3091 vrcap.
549 2999 619 3077 19.)
636 2996 775 3065 diversis
789 3014 947 3066 notarum
965 3012 1102 3064 tuarum
1119 2993 1406 3088 locisrepetis:ut
1423 3016 1499 3090 pag.
1516 3015 1613 3090 3o.n.
1627 3018 1707 3090 127.
1724 3023 1780 3090 3¹·

238 3113 273 3162 n.
287 3114 297 3158 r
310 3113 363 3182 30.
377 3109 464 3186 455.
481 3114 549 3174 n.9
570 3112 652 3184 520.
669 3114 702 3160 n.
717 3098 796 3161 166.
816 3089 970 3187 (operose
986 3110 1096 3161 totam
1115 3090 1276 3185 paginam
1294 3087 1362 3159 sere
1379 3090 1523 3187 implens
1538 3091 1603 3163 hac
1616 3111 1690 3166 tam
1711 3096 1779 3166 mi·

239 3210 296 3258 rae
310 3188 455 3261 raritatis
472 3187 732 3276 observatione)
751 3209 834 3284 525.
849 3211 883 3259 n.
902 3209 983 3282 ²44·
1004 3209 1085 3282 592.
1100 3209 1134 3257 n.
1153 3184 1211 3271 98.
1234 3187 1312 3280 Jarn
1331 3207 1425 3258 certe
1440 3187 1564 3262 dusius
1576 3188 1689 3264 ledor
1705 3217 1780 3265 non

240 3283 432 3356 confirndet
455 3285 599 3383 posthac
622 3312 728 3359 namen
746 3337 756 3371 ,
780 3305 911 3383 partem
929 3287 1092 3358 orationis
1110 3285 1145 3355 in
1160 3285 1397 3356 Grammatica
1412 3284 1561 3377 distant,
1587 3312 1652 3361 nec
1668 3315 1782 3365 namen

240 3407 307 3480 pro
330 3382 479 3473 debito,
505 3403 544 3454 ut
572 3382 675 3455 dosia
691 3384 852 3482 explicas.
869 3409 902 3479 p.
925 3406 1001 3479 314
1023 3409 1056 3454 n.
1079 3391 1154 3455 166.
1170 3405 1234 3453 nec
1251 3407 1332 3454 cum
1350 3383 1506 3480 pluribus
1524 3386 1615 3476 aliis,
1640 3412 1730 3486 quae
1746 3392 1785 3463 ei

240 3505 348 3553 namen
363 3501 490 3571 notat,
521 3479 649 3572 rebus,
683 3481 720 3553 ὃ(
741 3506 822 3577 quas
839 3482 1013 3574 Stephanus
1037 3480 1221 3553 liberaliter
1245 3483 1281 3552 in
1303 3483 1460 3552 omnium
1487 3481 1585 3555 usum
1603 3486 1782 3583 exposuit.

242 3578 361 3671 Quam
372 3578 467 3653 ardet
482 3580 614 3651 animus
623 3578 1016 3671 eupiditateThelaurum
1028 3579 1128 3650 istum
1139 3580 1423 3675 Stephani,quem
1436 3598 1470 3650 te
1483 3584 1658 3654 editurum
1669 3585 1706 3657 ὅ(
1718 3610 1782 3658 au·

243 3677 380 3750 {iurum
392 3697 461 3749 tam
476 3678 626 3776 benigne
642 3679 976 3775 promittis,vr'dendi
986 3690 1101 3766 (nota,
1112 3676 1181 3748 hoc
1199 3677 1408 3775 gerundium
1427 3701 1462 3749 re
1489 3679 1500 3749 i
1515 3704 1532 3750 a
1548 3683 1784 3776 praecedente

246 3783 289 3867 τῷ
303 3776 496 3867 cupiditate)
511 3796 600 3871 quot
616 3799 706 3846 nova
722 3774 760 3846 ὃ(
775 3775 902 3848 inditia
917 3774 989 3847 aliis
1004 3774 1082 3846 inde
1099 3774 1266 3846 discemus
1281 3799 1341 3847 nos
1355 3701 1512 3848 Boreahes
1529 3779 1784 3855 Grammatici?

135 3874 137 3883 ‘
247 3872 722 3969 Atquisanteeditumillum
734 3871 1782 3971 Thesaurum,etiamfelici&tenuiillosubairenatus,divi·

245 3993 326 4042 tutte
344 3966 663 4067 poruiffer,sensum
682 3993 799 4044 vetum
812 3970 1050 4067 Qtinsliliani.
1063 3996 1140 4070 pag.
1156 3995 1170 4070 3
1175 3995 1232 4066 94·
1242 3972 1302 4045 ubi
1311 3976 1536 4044 Urbanitetem
1551 3978 1608 4069 effe
1615 3984 1780 4071 propriam

246 4069 367 4163 nostrae
382 4075 527 4142 civitatis
543 4071 611 4156 ait,
621 4071 683 4142 Tu
694 4093 776 4143 veto
786 4071 978 4157 addanae
997 4076 1131 4166 intelligi
1145 4071 1466 4165 caeptam,pestquam
1476 4075 1575 4145 Urbis
1592 4081 1779 4168 appellatin-

248 4191 317 4237 nem
327 4217 339 4257 ,
348 4176 468 4260 etiamst
481 4175 756 4263 namenpraprr‘um
770 4197 828 4244 nan
844 4169 1195 4262 adicereturssamam
1210 4187 1317 4240 temen
1332 4175 1429 4262 arripi
1441 4176 1481 4258 stt
1495 4189 1659 4265 receptum.
1685 4175 1783 4274 Quis

235 4263 459 4360 ,distinguere
476 4267 562 4338 inter
579 4293 708 4358 namen,
719 4267 756 4339 &
770 4273 1005 4363 appellationem
1023 4291 1094 4340 non
1110 4265 1247 4358 solitus,
1271 4291 1341 4337 non
1358 4269 1536 4343 exultasset
1552 4269 1700 4368 gaudio,
1719 4273 1782 4345 ubi

250 4381 321 4432 tarn
337 4361 496 4435 obscurae
514 4366 594 4435 voci
605 4376 667 4457 ,τῷ
680 4367 971 4460 nostrae,adscribi
988 4369 1078 4439 hanc
1093 4365 1370 4465 explanationem
1388 4366 1543 4456 vidisset,
1559 4370 1700 4467 nestrae]
1712 4374 1783 4445 Ra·

248 4484 361 4531 manae
385 4462 556 4553 videlicet,
583 4460 620 4532 ὅ(
637 4462 793 4536 illustrari
819 4466 981 4562 exemplo
999 4465 1210 4537 Athenarum
1229 4513 1241 4553 ,
1267 4487 1352 4559 quae
1369 4461 1427 4540 dra
1442 4474 1510 4537 κατ’
1525 4468 1646 4561 ἐξοχίυὲ
1661 4471 1784 4541 vocari

246 4556 397 4630 solebant
409 4587 415 4630 :
428 4557 465 4630 ἃ
499 4559 550 4630 uis
566 4582 585 4630 a
601 4562 811 4657 reerigere,
829 4562 892 4633 nist
909 4563 1071 4634 molestus
1087 4564 1123 4633 ἃ
1139 4563 1358 4662 importunus
1373 4562 1570 4662 flagitator,
1586 4562 1681 4638 ausus
1697 4564 1781 4639 suis·

247 4656 324 4748 set,
359 4675 400 4730 ut
424 4583 542 4734 mihre
565 4657 692 4731 iterum
717 4660 913 4735 haerentem
935 4660 1157 4766 philologum
1175 4683 1252 4761 pag.
1270 4684 1355 4757 471.
1371 4686 1407 4740 a.
1428 4660 1480 4737 18.
1496 4662 1533 4736 in
1547 4664 1782 4761 appellatione

1711 4767 1782 4837 Ur-
