4058 5558
239 295 292 378 88
461 284 508 371 P.
562 284 1042 374 BURMANNI
1099 285 1535 383 EPISTOLA

239 447 294 522 bis
310 438 510 546 persuadere
527 441 647 526 telles,
672 439 788 531 addis,
812 445 909 511 tortio
926 443 1120 511 matrimonii
1127 438 1243 535 specics
1258 457 1329 515 crat
1339 448 1678 550 pontificumpropriu,
1701 484 1779 557 quo·

241 571 312 617 rum
329 545 565 615 matrimonium
591 540 747 636 (elegans
765 539 949 634 repetitio)
970 539 1048 632 ficri
1063 540 1310 634 confirmatione
1334 543 1503 619 dicebatur.
1549 553 1649 625 Hinc
1671 558 1781 634 testor

245 643 337 715 rudis
350 640 590 737 antiquitatis,
617 641 676 733 qui
693 637 796 707 vellet
813 660 856 707 ex
873 637 940 707 tuis
956 635 1050 709 libris
1064 635 1201 709 lexicon
1216 637 1355 734 aliquod
1371 640 1608 741 locupletare,
1632 656 1782 757 collige·
1820 702 1842 720 -·

243 763 294 814 ret
308 793 320 832 ,
336 741 340 749 '
356 740 425 811 hoc
445 737 704 808 matrimonium
722 760 740 806 a
759 735 834 806 solis
852 732 1082 807 Pontificibus
1100 733 1196 805 fuisse
1209 737 1448 831 celebratum,
1478 747 1572 839 quod
1587 773 1699 848 neque
1721 780 1783 829 ve·

245 864 321 911 rum
337 837 416 925 est,
450 858 561 931 neque
574 833 717 906 Boithii
735 834 836 904 verba
850 831 976 904 serunt.
1027 831 1133 905 Certe
1145 834 1246 906 initio
1270 837 1418 910 civitatis
1437 841 1506 913 hoc
1525 846 1666 920 unicum
1683 853 1784 927 vide-

245 957 302 1009 tur
319 935 415 1007 fuisse
431 934 689 1004 matrimonium
707 982 718 1020 ,
755 932 878 1003 deinde
891 954 974 1002 vero
997 955 1077 1003 cum
1097 931 1175 1027 post
1193 932 1284 1029 leges
1303 933 1392 1005 ΧΠ.
1410 938 1538 1013 Tabul.
1553 967 1615 1041 per
1629 945 1790 1047 disputas

245 1038 376 1108 tionem
393 1032 458 1104 sori
476 1031 695 1125 &JCtorum
710 1028 863 1128 responsa
879 1078 890 1116 ,
907 1028 1106 1123 subtilitates
1123 1042 1183 1118 (ut
1200 1037 1386 1115 vocantur)
1402 1033 1575 1130 illaeJuris
1590 1049 1785 1143 coepissent

245 1131 426 1229 usurpari,
459 1129 494 1200 bt
513 1152 657 1200 uxorem
683 1150 788 1225 aeque
812 1148 853 1198 ut
874 1126 1029 1199 ancillam
1054 1125 1091 1198 b:
1114 1125 1220 1198 filiam
1239 1127 1274 1199 bt
1289 1129 1352 1200 alia
1367 1132 1403 1202 in
1419 1159 1558 1210 manum
1576 1143 1640 1213 viri
1655 1146 1783 1224 debere

246 1232 362 1302 venire
379 1227 648 1317 contenderent,
666 1250 737 1322 quo
754 1227 867 1297 mariti
884 1223 1044 1322 potestati
1064 1227 1171 1324 magis
1188 1224 1336 1324 subjecta
1355 1228 1445 1304 soret
1464 1258 1573 1326 uxor,
1593 1240 1715 1318 &alias
1731 1249 1782 1322 ob
1850 1302 1858 1311 -

248 1327 373 1400 caussas
393 1346 489 1398 notas
503 1324 631 1416 JCtis,
658 1324 882 1421 coemptione
898 1323 936 1395 ὃ(
952 1320 1159 1421 usucapione
1177 1345 1344 1421 ceperunt
1362 1330 1443 1419 uti,
1468 1331 1505 1404 &
1522 1337 1724 1417 cerimonias
1739 1347 1784 1419 il-

249 1426 314 1516 las,
339 1448 458 1523 graues
480 1422 517 1494 ὃ(
541 1421 722 1514 molestas,
741 1422 927 1520 negligere.
978 1418 1078 1511 Quae
1093 1445 1176 1492 cum
1198 1423 1381 1496 necessario
1398 1445 1513 1503 tamen
1528 1438 1783 1530 requirerentur

247 1525 283 1596 in
300 1522 528 1595 matrimoniis
542 1545 690 1612 corum,
717 1522 777 1617 qui
795 1519 872 1592 filiis
894 1519 979 1593 natis
994 1518 1087 1617 spem
1104 1519 1264 1591 Flaminii
1282 1520 1417 1614 (nescio
1436 1550 1479 1598 an
1497 1528 1534 1602 ὅ(
1550 1534 1782 1617 Pontificatus

249 1622 446 1694 &aliorum
464 1617 756 1703 sacerdotiorum)
772 1617 1001 1715 consequendi
1020 1641 1091 1689 non
1115 1617 1277 1690 volebant
1303 1623 1521 1722 praeripere,
1553 1634 1644 1729 apud
1658 1661 1784 1734 paucas

249 1719 288 1790 b:
305 1716 522 1792 nobilishmas
536 1736 656 1817 gentes
671 1713 896 1788 confarreatio
914 1715 1061 1788 duravit.
1083 1718 1192 1787 immo
1209 1715 1247 1788 &
1263 1717 1355 1813 apud
1369 1721 1536 1798 Patricios
1552 1728 1599 1801 ita
1615 1737 1782 1811 exolevis-

250 1814 282 1888 se
305 1835 417 1889 narrat
434 1815 554 1887 Tacit.
571 1839 619 1886 ιν.
643 1813 766 1886 Annal.
795 1823 850 1886 16.
877 1833 916 1884 ut
941 1836 1024 1886 cum
1049 1814 1159 1886 Dialis
1183 1813 1324 1887 Flamen
1348 1816 1415 1915 legi
1437 1819 1607 1919 deberet,
1640 1837 1784 1932 genitus

231 1904 467 1987 'confarreatis
485 1912 701 2011 parentibus,
720 1936 790 1984 non
804 1909 948 2006 adfuerit
963 1915 1049 2004 copia
1066 1927 1102 1982 ut
1118 1915 1191 1982 olim
1207 1924 1308 2008 (quae
1323 1917 1446 1988 vocula
1465 1940 1563 1995 notat
1578 1923 1784 2026 frequentis·

250 2010 374 2084 limum
391 2009 488 2083 fuisse
502 2010 587 2081 olim
605 2010 880 2095 matrimonium)
898 2011 1004 2102 atnaffa
1019 2009 1242 2103 confarreandi
1256 2012 1487 2106 constratorum,
1503 2038 1561 2092 aut
1574 2028 1656 2098 inter
1668 2051 1786 2121 paucos

247 2126 383 2181 retentu.
430 2111 485 2179 Ao
501 2108 666 2204 hincjam
684 2106 815 2180 constat
833 2107 902 2178 hoc
919 2108 1178 2178 matrimonium
1197 2110 1374 2206 proprium
1386 2113 1579 2208 Pontificum
1593 2121 1714 2200 fuiffe?
1742 2128 1788 2202 de

248 2206 372 2306 quibus
388 2206 474 2278 nihil
487 2206 652 2295 Tacitus,
679 2228 790 2301 neque
804 2225 902 2277 extra
918 2204 1060 2276 Boethii
1074 2203 1250 2278 obscuram
1269 2227 1412 2298 notam,
1436 2211 1564 2309 aliquid
1580 2219 1660 2293 alibi
1677 2225 1786 2300 video

252 2305 412 2402 produci.
430 2303 584 2400 quamvis
599 2300 699 2374 facile
720 2301 837 2374 induci
889 2301 992 2373 ossem
1010 2352 1023 2394 ,
1056 2322 1096 2374 ut
1113 2305 1248 2375 credam
1266 2305 1303 2376 bt
1323 2307 1511 2383 Pontifices
1526 2312 1675 2391 debuisie
1689 2323 1786 2398 nasci

249 2427 294 2475 ex
308 2400 525 2474 confarreatis
541 2401 736 2498 parentibus
759 2449 773 2489 ,
807 2398 843 2470 &
862 2328 945 2472 iiiuc
968 2401 1015 2471 ita
1038 2400 1245 2569 explicarem
1270 2403 1374 2475 verba
1387 2406 1563 2503 Boe'thii',
1595 2419 1789 2513 confoma.

249 2498 454 2592 tioncmsoiis
471 2499 678 2592 Pontificibus
701 2500 898 2591 convenuffo,
923 2495 1045 2587 idest,
1109 2497 1166 2569 ilie
1182 2520 1296 2598 aptam
1323 2500 1360 2572 δι
1377 2504 1520 2598 utilem,
1546 2513 1627 2604 quia
1640 2539 1687 2590 ex
1703 2520 1787 2593 tali·

250 2597 315 2669 bus
332 2596 461 2693 nuptiis
479 2614 677 2690 procreatus
692 2592 856 2667 Pontifex
871 2593 1017 2666 debebat
1033 2597 1159 2686 creari,
1186 2621 1272 2695 quae
1288 2597 1336 2670 ob
1352 2603 1500 2676 rationes
1516 2629 1535 2677 a
1549 2609 1682 2685 Tacito
1699 2617 1784 2692 alla-

251 2715 302 2766 tas
319 2694 582 2794 negligebantur
595 2693 703 2790 vulgo
722 2725 734 2780 ς
760 2712 904 2791 propter
917 2694 1183 2765 cerimoniarum
1201 2695 1361 2769 videlicet
1378 2697 1624 2798 difficultates,
1647 2711 1686 2786 &
1701 2718 1783 2813 quia

239 2788 427 2864 'filiusfam
452 2789 593 2877 Flumen
609 2810 742 2862 creatus
755 2790 865 2862 exiret
881 2813 901 2861 e
918 2792 1025 2886 patria
1065 2791 1311 2879 otestate‚&c.
1328 2793 1626 2895 Ideoquecivibus
1641 2810 1778 2911 reliquia

250 2909 405 2963 nontam
422 2887 661 2960 conveniebat.
711 2887 729 2959 I
757 2885 888 2980 nosce,
918 2891 1014 2986 gravi
1044 2889 1342 2991 imeTheologe,
1374 2892 1399 2966 si
1417 2914 1574 2994 tempora
1589 2922 1648 2979 tua
1666 2933 1775 2986 morer

252 2988 305 3060 his
324 2989 434 3074 notis,
460 3009 541 3081 quas
557 2911 853 3082 adponereivabio
866 2987 964 3059 uolui
982 3039 994 3078 ,
1019 2987 1100 3082 quia
1116 2986 1206 3083 apud
1223 3014 1286 3069 rtos
1305 2990 1387 3063 haec
1406 2996 1562 3090 quotidie
1577 3002 1725 3081 audiunt
1739 3016 1782 3082 ti·

253 3109 370 3173 nones,
396 3081 431 3153 ὅ(
449 3104 571 3180 magna
586 3106 661 3179 pars
675 3105 862 3178 puerorum
878 3106 916 3152 ea
930 3083 1052 3172 callet,
1070 3109 1156 3180 quae
1173 3110 1233 3157 vos
1276 3087 1433 3162 ravillimi
1450 3094 1540 3185 viri,
1567 3099 1786 3182 Rhetoricae

252 3183 313 3255 uni
328 3179 476 3270 audiui,
487 3203 557 3251 non
573 3181 771 3276 percipitis,
782 3203 852 3251 non
869 3181 978 3278 magis
992 3203 1032 3251 ac
1042 3179 1100 3251 Lo
1128 3182 1245 3254 icae&
1294 3185 1464 3261 ialceticae
1478 3216 1656 3290 operantur
1664 3226 1787 3280 exem·

253 3279 331 3379 pla,
357 3278 481 3376 quibus
500 3277 563 3349 hae
579 3296 665 3349 artes
680 3276 906 3366 illustrantur,
932 3203 1227 3376 ignoraresolent.
1279 3282 1346 3356 Sed
1364 3284 1405 3356 ad
1422 3286 1496 3360 alia.

306 3375 388 3449 Lib.
403 3399 450 3446 vr.
468 3397 543 3472 cap.
563 3394 593 3470 3.
609 3396 686 3471 pag.
709 3395 788 3472 379.
805 3399 839 3447 n.
860 3382 942 3469 176.
957 3373 1086 3446 illustre
1101 3376 1227 3448 iterum
1251 3377 1423 3474 specimen
1439 3390 1610 3464 cernimus
1624 3401 1790 3502 egregiae

252 3475 341 3574 juris
353 3472 486 3572 antiqui
503 3470 726 3569 prudentiae,
750 3497 817 3569 qua
831 3469 972 3544 excellis
988 3470 1026 3544 &
1041 3497 1139 3546 ornas
1154 3493 1252 3548 notas
1269 3497 1341 3550 tuas
1363 3481 1399 3553 in
1412 3482 1510 3557 Fabii
1526 3488 1670 3569 obscura
1689 3499 1789 3595 loca,

256 3599 275 3645 a
294 3571 402 3645 me&
418 3571 490 3643 aliis
505 3569 749 3669 interpretibus
773 3568 938 3668 aeglesie.
989 3571 1181 3664 Mancipono
1195 3573 1455 3671 interpretatis,
1480 3587 1641 3684 vendero,
1664 3601 1791 3674 uliana-

255 3696 310 3762 re,
338 3681 398 3759 (ut
412 3672 505 3766 uulgo
520 3667 634 3762 ayunt)
654 3669 858 3761 praediorum
874 3672 1082 3837 cronopium,
1098 3667 1157 3763 seu
1172 3672 1343 3744 dominium
1355 3680 1402 3747 ad
1411 3682 1490 3753 alios
1505 3705 1566 3777 pon
1579 3692 1792 3772 venditionem

257 3767 441 3861 transferre.
492 3767 610 3836 Primo
628 3764 806 3837 oraculum
823 3785 958 3838 tuuma
983 3790 1046 3854 eo,
1071 3767 1258 3840 venerande
1273 3770 1443 3868 Antistes,
1469 3799 1509 3852 ut
1524 3784 1717 3864 consulenti
1738 3819 1792 3868 re·

258 3863 424 3962 spondere
440 3863 543 3953 velis,
568 3860 653 3960 quid
669 3863 705 3934 in
722 3862 933 3936 contorta&
951 3863 1160 3937 tenebricosa
1182 3867 1360 3960 oratione,
1385 3874 1555 3976 intelligas
1569 3905 1630 3976 per
1639 3894 1791 3982 praedio.

258 3988 330 4036 num
351 3966 540 4055 mancipium
555 3960 713 4050 unumne,
738 3963 793 4031 vei
811 3959 986 4054 transferre
1000 3983 1059 4056 pm
1071 3963 1290 4039 venditionem.
1341 3970 1466 4044 Talem
1485 3999 1554 4074 ego
1571 3979 1790 4066 locutionem

259 4085 342 4134 num
369 4083 447 4131 uam
472 4057 614 4147 audivi,
641 4081 705 4130 nec
730 4058 767 4130 in
790 4057 868 4131 ullis
892 4058 1029 4157 linguae
1045 4061 1190 4134 Latinae
1215 4063 1269 4135 vel
1289 4067 1382 4158 Juris
1398 4069 1553 4147 Romani
1570 4078 1714 4158 Lexicis
1730 4111 1793 4166 aut

260 4084 444 4230 Thesauris
461 4157 614 4231 invenire
629 4157 741 4255 potui.
789 4156 992 4252 Bniffonius,
1023 4159 1223 4253 Stephanus,
1249 4166 1351 4235 Faber
1375 4163 1414 4237 &
1436 4193 1555 4246 omnes
1586 4202 1643 4252 me
1660 4184 1793 4261 docue.

261 4277 342 4326 runt
357 4260 508 4349 mancipio
524 4256 621 4346 done,
644 4261 803 4348 occupato,
822 4262 1007 4349 promittere
1022 4255 1093 4330 &c.
1119 4256 1210 4330 reue
1225 4256 1315 4352 dici,
1342 4260 1377 4334 δι
1394 4262 1599 4363 frequenter.
1645 4278 1791 4383 Quare,

263 4351 289 4425 st
309 4374 392 4441 me,
418 4375 457 4424 ut
472 4355 660 4425 monitores
684 4373 763 4426 tuos
778 4352 1001 4445 Parifienses,
1026 4353 1064 4427 ὅ(
1081 4354 1313 4445 Londiueuses
1331 4359 1557 4461 adhibuisses,
1584 4375 1648 4448 tibi
1667 4383 1793 4460 atteror

262 4448 418 4538 fuissem,
435 4469 474 4521 ut
495 4448 700 4542 aJCtorum
718 4451 874 4524 formulis
890 4450 1119 4540 abstinuisses,
1145 4453 1181 4526 ὃ(
1201 4456 1278 4527 loca
1294 4454 1350 4528 illa
1365 4459 1489 4555 Fabii,
1513 4489 1553 4540 ut
1568 4468 1645 4546 sont
1663 4481 1772 4557 multa

251 4547 388 4642 ,quibus
408 4543 450 4617 de
463 4547 548 4640 Jure
567 4550 729 4620 Romano
755 4549 900 4644 agitur,
927 4548 1021 4623 ficco
1042 4551 1129 4648 pede
1151 4548 1338 4626 transiisses.
1390 4563 1437 4633 At
1460 4561 1580 4658 dices,
1606 4540 1798 4661 'ferentini

262 4645 370 4738 dicit,
394 4649 477 4723 molo
490 4646 689 4720 conciliatum
705 4648 893 4741 manct'pium
902 4696 915 4740 ‚
941 4646 1029 4731 &id
1044 4647 1219 4747 explicant
1232 4668 1348 4728 enotutn
1365 4655 1568 4760 interpretes
1585 4668 1622 4743 &
1638 4671 1796 4761 Lexico-

1714 4798 1797 4876 ura·
