4064 5558
524 252 1529 431 'rouerumm
1649 376 1673 461 -q

327 559 618 671 Christianorum
647 555 890 666 Dot'iorum)
916 555 986 665 sed
1023 571 1065 638 ut
1099 557 1329 669 agnoscamus
1349 561 1458 640 etiam
1498 560 1653 672 injurios
1686 585 1710 640 a
1749 555 1846 641 nobis

212 692 216 698 ·
287 669 583 765 prioritates,
625 668 675 760 dp
691 667 793 778 seria
822 669 1039 774 poenitentia
1065 673 1208 776 cuipam
1241 669 1430 778 adrniffam
1457 670 1712 769 emendemus,
1749 667 1847 750 Deo·

320 807 388 892 quc
427 780 477 872 (7
521 781 721 862 bominibus
770 775 1031 887 atisfocmmus.
1092 775 1260 883 Qualem
1291 805 1375 888 crgo
1410 783 1589 888 injuriam
1615 778 1659 889 sc
1687 803 1738 858 en
1764 784 1857 859 ani:

319 917 377 970 mo
402 888 517 972 dedere
535 888 661 1003 joibet
692 914 734 967 ne
750 888 833 978 iio,
870 910 952 964 cnm
986 876 1009 964 'a
1036 912 1092 966 me
1111 882 1247 966 nsobdom
1277 891 1316 967 in
1336 913 1417 968 enm
1433 886 1634 998 profetbm
1652 887 1717 997 effe
1735 890 1864 972 nove-⁰

321 1003 423 1082 rim:
457 1022 617 1109 proquo
644 999 752 1078 etiam
785 991 877 1074 malo
905 994 996 1074 mibi
1025 993 1155 1075 baurim
1183 993 1372 1106 rependere
1400 993 1504 1079 malle
1522 997 1665 1103 screbat
1697 1027 1768 1080 non
1782 1025 1847 1079 ex-

319 1127 418 1219 pnto.
474 1109 517 1190 Si
551 1110 644 1187 enim
681 1109 859 1216 injuriam
890 1101 938 1194 &
968 1103 1106 1184 madum
1134 1108 1426 1215 interpretetur,
1465 1107 1559 1216 qnod
1577 1112 1721 1215 pietatis
1750 1132 1848 1188 meae

319 1214 388 1325 effe
408 1217 698 1326 existimaverim
716 1215 856 1320 summi
875 1214 1069 1308 Graevii,
1099 1219 1332 1324 praeceptoris
1356 1215 1404 1306 dr
1426 1213 1577 1295 alterins
1598 1213 1703 1298 veliet
1721 1238 1851 1326 paren·

325 1346 373 1406 trs
392 1336 460 1409 mci
477 1384 489 1424 ,
519 1324 568 1416 &⁴
587 1324 782 1429 omirffmi
807 1319 1065 1404 Brouckhufii
1086 1347 1207 1401 manes
1226 1323 1455 1430 crndcbffime
1473 1325 1517 1404 ab
1534 1350 1572 1406 eo
1589 1323 1744 1405 violatos
1764 1335 1853 1405 vin·

324 1434 474 1528 dicare,
507 1437 585 1542 p'am
614 1435 736 1516 eadem
762 1429 872 1541 specte
894 1427 1053 1510 mnncbns
1069 1425 1256 1536 fidentium
1288 1437 1490 1541 imponendi
1503 1438 1573 1547 p'ns
1592 1428 1657 1540 effe
1672 1431 1743 1540 fibi
1775 1460 1850 1518 cre-

325 1547 387 1628 det
401 1596 412 1633 ‚
426 1548 471 1631 eb
482 1545 555 1652 sibi
574 1546 638 1623 roni
648 1541 830 1624 lacerandi
840 1541 1047 1636 ,nebrdcndi
1058 1539 1229 1648 &discen
1253 1539 1334 1622 endi
1349 1550 1450 1623 viros
1467 1548 1640 1651 principes
1656 1551 1851 1655 impunita·

327 1672 401 1736 tem
416 1656 534 1737 deberi
548 1706 558 1745 ,
568 1649 638 1761 sobi
654 1650 720 1751 fibi
737 1649 956 1733 verberandi
974 1646 1177 1746 libidinem,
1196 1563 1277 1731 abis
1294 1650 1499 1759 vapulandi
1508 1649 1665 1762 gloriam
1684 1656 1775 1736 reim
1800 1661 1847 1736 cri.

328 1764 373 1846 Si
400 1790 446 1845 cu
473 1767 549 1844 viis
573 1760 721 1870 publicis
754 1758 988 1869 alienantem
1009 1785 1126 1840 omnes
1154 1786 1278 1841 canem
1300 1759 1392 1867 srcsbe
1415 1763 1554 1872 abigere
1584 1759 1633 1852 dr
1660 1766 1700 1843 in
1725 1685 1852 1849 nidum

255 1948 262 1963 ,
314 1872 430 1982 scurror
452 1869 674 1983 compellere,
700 1873 839 1978 injuria
861 1869 931 1948 dici
944 1868 1047 1976 'pofflt
1067 1922 1079 1960 ,
1097 1866 1214 1977 facile
1230 1860 1416 1981 concedam
1434 1876 1573 1980 ingenti
1588 1872 1725 1980 inp'nria
1745 1877 1855 1959 mode·
1877 1894 1882 1905 “

303 1984 449 2064 dirum
470 1982 519 2071 ab
541 1983 715 2089 Crocitnm
732 1978 837 2058 eblum
852 1975 1041 2085 odfridum
1047 1975 1090 2084 se
1110 1973 1223 2086 fusffe
1244 1985 1348 2087 queri
1365 1977 1469 2088 poffc.
1526 1976 1646 2082 Setst
1659 1999 1780 2064 tamen
1798 1970 1853 2065 in-

253 2100 256 2105 '
314 2094 426 2203 jurio
446 2089 613 2172 vorando
630 2086 689 2195 fit
717 2091 816 2172 tanti
841 2089 921 2167 viri
942 2081 1198 2175 &dibiatorss
1216 2085 1430 2181 infitiatio,
1471 2086 1565 2166 urbib
1584 2106 1677 2169 certe
1696 2085 1795 2175 abiud
1814 2101 1854 2173 in

123 2297 127 2305 ¹
303 2217 308 2228 '
319 2197 364 2322 fe
384 2198 523 2281 ditium
543 2225 566 2277 a
590 2223 644 2277 me
664 2196 854 2305 producere
873 2198 1006 2299 poterit
1028 2250 1039 2287 ,
1074 2193 1144 2300 nist
1158 2222 1227 2306 qno
1236 2193 1362 2305 fastus
1385 2195 1664 2306 &arrogantia
1684 2203 1856 2312 quespae.

217 2316 219 2320 ’
328 2309 502 2418 dagogico
516 2303 799 2416 ‚ignorantiodr
811 2300 969 2395 dubiteris
989 2304 1258 2385 humanioribus
1270 2306 1412 2387 ruditas
1431 2302 1749 2414 troduibasnerit.
1772 2315 1855 2394 Uri·

330 2443 416 2497 nam
428 2417 542 2498 verba
557 2415 764 2497 Melebioris
773 2412 868 2496 Cani
877 2469 888 2507 ,
899 2437 990 2524 qnae
1001 2416 1039 2492 in
1046 2410 1115 2493 bac
1123 2409 1330 2495 bibb'otbeco
1335 2436 1369 2524 p.
1381 2422 1445 2496 66.
1459 2412 1638 2520 producit,
1648 2415 1713 2530 ipst
1724 2420 1853 2501 obrem·
1881 2414 1884 2419 ’

318 2523 588 2638 satasmffeut,
604 2524 760 2606 censura
780 2550 932 2604 morum
953 2523 1069 2627 debet
1089 2521 1213 2605 effes'n
1239 2527 1353 2604 viros
1375 2528 1547 2618 cautior,
1561 2533 1598 2606 &
1623 2533 1662 2610 in
1682 2554 1858 2611 mortuos

333 2640 579 2717 reverentior.
612 2635 656 2715 Si
672 2658 756 2739 ergo
776 2629 979 2740 virfniffet
992 2688 1003 2725 ,
1015 2631 1064 2712 ad
1072 2628 1219 2742 stngnln
1238 2637 1356 2739 capita
1376 2628 1583 2741 respondere
1604 2636 1774 2746 debenffet
1787 2694 1796 2731 ,
1808 2636 1858 2729 dr

331 2743 516 2826 taurinae
526 2799 539 2838 ,
551 2767 661 2853 qnam
682 2737 1433 2849 odfeb‘t‘ot,vorraesamomadfi’rermfed
1450 2746 1729 2852 comprendere,
1751 2744 1858 2826 nibil-

332 2878 402 2961 qne
411 2850 499 2961 fere
522 2878 568 2932 eu
588 2877 721 2960 magna
739 2870 911 2931 errorum¹
929 2846 977 2938 dr
993 2866 1218 2954 pcccatorum
1235 2854 1329 2959 copia
1346 2845 1558 2957 defendere,
1574 2853 1643 2960 fid
1665 2851 1715 2933 od
1734 2859 1861 2935 convi-

333 2967 389 3042 cia
411 2960 459 3053 ab
479 2958 669 3041 maiedriia
689 2955 806 3041 delabi
815 2961 1003 3053 ,inmores
1020 2956 1068 3045 dr
1088 2963 1211 3036 vitam
1234 2984 1350 3038 meam
1365 2958 1576 3040 debacchari
1587 2989 1656 3056 ,an
1675 2962 1862 3043 bochri·

322 3071 469 3180 stianoe
485 3063 662 3179 religionis
668 3066 869 3178 sandbitoti
892 3063 940 3155 ὁ
959 3060 1194 3147 moderationi
1211 3071 1314 3145 toties
1331 3062 1523 3170 ostentatae
1534 3073 1726 3149 conueniat
1735 3069 1862 3179 ,ipstus

333 3179 467 3287 jndicio
483 3183 664 3289 permitto.
696 3175 762 3258 Me
783 3197 873 3254 vero
895 3168 1128 3278 meisfim'bns
1140 3227 1152 3265 ,
1178 3171 1226 3262 da
1241 3171 1592 3285 ‘disciplinae,quam
1612 3175 1785 3286 profiteor
1804 3199 1862 3261 tn·

320 3277 491 3380 fundam,
523 3289 685 3366 terminis
707 3291 881 3393 impetum
908 3309 1047 3364 omnem
1067 3280 1272 3391 coiresnffm
1304 3307 1367 3361 nec
1393 3282 1493 3391 ipse,
1532 3287 1667 3382 credo,
1702 3291 1860 3398 negabit.

338 3395 441 3477 Unde
460 3422 542 3505 ergo
560 3399 700 3500 injuria
719 3399 820 3501 prins
840 3388 1074 3501 ortafnitta
1091 3418 1172 3486 me,
1202 3395 1266 3498 qui
1282 3408 1429 3487 tanturn
1451 3391 1659 3490 rotonum,
1685 3421 1863 3507 arrogan-

338 3523 412 3588 tem
435 3503 483 3595 όν
501 3501 769 3591 rntoberandum
786 3508 825 3584 in
845 3497 978 3610 republ.
998 3496 1160 3581 literaria
1178 3499 1353 3610 censorem
1376 3528 1445 3580 non
1463 3503 1564 3583 modo
1584 3531 1601 3583 e
1633 3506 1752 3587 edixi
1760 3562 1772 3601 ,
1791 3507 1863 3616 fid

337 3613 493 3696 invidiis
515 3615 738 3723 argumentis
754 3611 909 3723 probavi
930 3619 948 3689 ?
983 3636 1032 3690 on
1051 3608 1096 3690 ab
1111 3607 1169 3690 tto
1190 3670 1202 3704 ,
1228 3613 1292 3718 qui
1308 3609 1381 3718 post
1417 3637 1494 3695 eam
1515 3638 1578 3723 con
1597 3629 1740 3697 oratam
1764 3616 1865 3698 vidit

342 3719 573 3807 maledicendi
594 3721 760 3815 rabiem,
798 3719 928 3828 biscero
953 3745 1023 3798 non
1046 3720 1157 3800 audet
1176 3737 1335 3811 contra,
1436 3738 1513 3802 tata
1535 3718 1656 3829 cauffo
1672 3722 1864 3808 literarum

345 3831 394 3924 dr
415 3833 623 3915 eruditionis
645 3826 812 3936 deserta,
850 3833 889 3909 in
908 3853 1031 3909 canem
1052 3826 1178 3938 versun
1200 3826 1294 3908 nibil
1312 3826 1381 3932 nist
1390 3824 1553 3929 ¹latratus
1573 3838 1647 3942 egit
1667 3888 1680 3927 ,
1717 3861 1780 3916 nec
1800 3835 1866 3919 od·

343 3944 416 4024 buc
434 3969 480 4023 ex
498 3940 687 4051 longinquo
708 3936 920 4046 dentessuos
941 3935 1116 4037 ostendere
1141 3933 1248 4045 ceffat
1268 3994 1281 4032 ,
1318 3931 1398 4019 bctt
1418 3937 1572 4047 qnotidie
1591 3938 1868 4026 moderationem

171 4146 174 4157 ¹
346 4048 395 4141 dr
414 4050 634 4161 injuriarum
661 4032 1006 4157 patientiamsbnbtis
1025 4045 1373 4151 &imprudentibus
1393 4071 1517 4128 rernm
1538 4048 1684 4156 ostentet
1706 4064 1721 4129 t
1755 4055 1867 4157 Quia

251 4218 257 4229 .
343 4186 427 4267 ergo
450 4163 622 4271 injuriam
650 4153 829 4268 inpbrendi
860 4165 993 4267 copiam
1007 4153 1081 4258 fibi
1100 4155 1262 4239 abdaram
1283 4153 1421 4251 videt,
1461 4155 1513 4247 (γ’
1532 4155 1657 4236 melius
1673 4156 1743 4267 fni
1772 4186 1867 4245 eme

343 4294 414 4349 non
440 4287 586 4378 tongere
612 4265 679 4376 ipfi
704 4271 813 4346 amici
831 4270 909 4379 ejus
930 4264 1087 4376 qnotidie
1113 4269 1296 4350 orciniam,
1312 4262 1355 4376 se
1372 4266 1510 4374 ingenti
1525 4269 1699 4374 injuriae
1743 4273 1774 4347 ei
1791 4297 1866 4354 crc-

288 4406 302 4415 “
342 4379 399 4461 dit
416 4380 531 4486 ,prcod
553 4403 615 4485 ega
636 4400 671 4453 os
686 4375 751 4481 ipst
765 4376 958 4481 praebere,
981 4390 1046 4455 ant
1059 4372 1196 4482 saitem
1211 4373 1256 4454 ab
1277 4400 1315 4456 co
1334 4374 1553 4484 exagitando
1573 4370 1728 4479 dedstere
1744 4380 1865 4460 nolim.

345 4482 420 4569 Sed
436 4481 591 4593 confflem
611 4482 713 4563 bodie
736 4487 781 4561 ab
800 4482 941 4563 bomine
947 4483 1181 4590 separemus,
1214 4482 1262 4573 <dr
1278 4482 1490 4592 perfimdeat
1509 4480 1574 4581 fibi
1597 4482 1708 4571 tetta
1728 4488 1868 4581 velim,

343 4592 481 4677 nuliam
504 4620 558 4677 mc
576 4591 734 4704 gloriam
755 4615 801 4672 ex
820 4608 897 4674 tom
919 4593 1046 4700 ignom
1068 4586 1117 4678 b
1140 4589 1280 4674 indocto
1301 4591 1512 4703 adversario
1528 4611 1705 4707 captaret
1725 4591 1798 4704 sed
1814 4622 1870 4674 mc

1827 4702 1899 4809 b»
1995 4783 2001 4795 ,
