4064 5558
521 271 613 359 ΑΙ)
658 270 758 361 CL.
806 268 1535 365 CAPPERONNERIUM.
1744 310 1801 407 ς,

260 442 409 533 locum,
434 437 515 540 quia
529 434 658 509 Fabius
675 431 746 533 ipse
761 456 844 511 eum
865 430 1038 524 adducit,
1061 430 1190 507 Critici
1206 436 1374 511 acuminis
1382 440 1555 608 proferre.
1603 438 1686 613 Epo
1711 468 1802 524 con·

259 559 378 614 tentus
395 534 545 611 retulisse
567 534 678 607 varias
700 530 864 605 codicum
880 530 1072 622 lectione,
1095 530 1184 604 nihil
1201 532 1359 634 definio,
1396 535 1438 610 cd
1461 538 1583 637 reliqui
1599 564 1644 612 vu
1658 562 1797 641 gutum,

259 662 340 713 meo
366 636 481 711 adhuc
500 630 672 735 judicio,
695 628 877 727 optimam.
924 630 988 703 Tu
1011 630 1221 703 contrariam
1248 632 1285 703 in
1308 648 1441 731 partem
1457 636 1509 725 is,
1534 636 1672 713 duobus
1692 664 1797 741 argu·

257 736 396 811 mentis,
447 736 476 809 1.
501 729 601 825 Quia
613 727 651 801 iu
665 727 813 827 antiquis
825 724 1007 800 codicibus
1017 726 1151 801 Pie'rius
1163 726 1345 821 spumantia
1360 734 1438 804 colia
1451 732 1521 833 legi
1537 734 1690 810 testatur.
1725 742 1796 815 Sed

258 834 316 909 ille
332 858 399 907 nec
419 834 458 904 in
471 826 638 904 omnibus
654 826 702 899 ita
717 823 786 923 legi
799 822 971 915 testatur,
996 822 1035 897 &
1043 824 1215 920 fumantia
1229 826 1334 898 etiam
1349 824 1499 903 Charisii
1511 832 1718 908 austoritate
1731 836 1793 913 lir-

258 952 343 1007 mat.
396 930 455 1009 An
469 950 553 1003 vero
568 926 723 1014 Piirius,
746 924 845 1023 cujus
861 924 1011 1021 primam
1027 922 1218 995 editionem
1235 945 1321 995 num
1347 948 1426 998 uam
1442 926 1514 1001 vidi
1523 978 1536 1020 ,
1561 930 1706 1007 ediderit
1709 934 1793 1029 spu·-

257 1033 383 1105 mantia
396 1024 536 1112 nescio,
556 1017 612 1093 sod
624 1021 662 1093 in
674 1017 931 1117 stephaniam,
956 1041 1044 1118 quae
1062 1020 1168 1091 Piirii
1178 1036 1276 1092 notas
1290 1043 1335 1093 cu
1363 1021 1504 1116 ibet,&
1518 1026 1592 1100 aliis
1616 1030 1794 1127 pluribus,

253 1130 424 1227 fumantia
441 1126 471 1197 le
497 1116 602 1194 iscio.
626 1117 727 1217 Ergo
743 1117 879 1191 nullum
892 1116 976 1191 hinc
989 1116 1127 1217 ineptae
1142 1134 1223 1191 tuae
1237 1118 1362 1191 rationi
1376 1120 1593 1219 praesidium.
1631 1128 1679 1201 ll.
1694 1128 1791 1223 Quia

261 1229 295 1298 aa*
302 1226 437 1321 sumans
454 1147 625 1317 *iirgilius
643 1214 688 1287 de
709 1215 805 1313 equis
822 1238 895 1288 non
909 1238 982 1289 uno
997 1214 1080 1288 loco
1096 1212 1273 1314 usurpavit
1290 1242 1300 1287 ε
1323 1217 1418 1313 quod
1434 1242 1507 1293 non
1522 1222 1624 1319 capio
1641 1274 1653 1313 ,
1676 1226 1714 1299 &
1729 1228 1791 1301 ab·

257 1320 395 1393 surdum
409 1316 479 1403 est,
506 1336 585 1387 nam
600 1313 782 1411 exempla,
808 1335 896 1409 quae
911 1311 1097 1412 producis,
1120 1334 1191 1385 non
1200 1312 1391 1407 fumantia,
1416 1336 1456 1389 ut
1472 1317 1657 1414 deberent,
1682 1323 1738 1397 sed
1755 1330 1791 1399 η·

251 1418 432 1511 spumantia
447 1410 674 1485 confirmant.
724 1408 916 1483 Cerebrum
931 1424 992 1483 aut
1005 1431 1147 1483 manum
1161 1410 1226 1483 tibi
1241 1410 1419 1485 confusam
1434 1412 1533 1487 fuisse
1556 1418 1681 1505 credo,
1704 1446 1789 1497 cum
1906 1442 1911 1451 ·

255 1518 340 1587 haec
367 1509 555 1597 scriberes,
587 1532 668 1583 nam
698 1504 864 1582 debuisses
892 1506 961 1581 tibi
988 1506 1170 1607 probatam
1204 1505 1390 1585 lestionem
1408 1510 1597 1607 spumantia
1622 1516 1696 1590 aliis
1726 1543 1788 1595 ex-

253 1610 376 1711 emplis
390 1608 565 1711 probare,
589 1606 645 1681 scd
660 1606 685 1681 ὃ
701 1605 812 1679 bone!
838 1628 959 1705 parum
973 1624 1010 1679 te
1023 1606 1148 1681 Pudeat
1160 1604 1277 1705 legisse
1289 1624 1351 1681 aut
1367 1632 1491 1705 capere
1507 1634 1660 1710 apparet.
1709 1617 1751 1691 N
1753 1641 1790 1690 e·

252 1734 314 1782 mo
330 1712 425 1783 enim
442 1728 535 1807 nego
538 1706 725 1805 spumantes
739 1726 847 1803 equos
863 1702 958 1803 saepe
974 1700 1046 1777 dici
1061 1728 1081 1776 a
1094 1704 1234 1797 Poitis,
1259 1702 1316 1777 sed
1330 1730 1375 1777 an
1381 1705 1569 1802 spumantia
1585 1716 1665 1784 calla
1679 1736 1790 1813 equo·

253 1830 355 1899 rum,
379 1807 562 1907 dequibus
578 1803 715 1901 agitur,
742 1800 850 1899 posses
863 1799 1075 1901 producere,
1092 1799 1153 1873 hic
1167 1802 1257 1875 inter
1272 1826 1334 1876 nos
1347 1802 1562 1903 disquiritur:
1581 1808 1715 1901 firmare
1729 1837 1790 1885 ve·

253 1930 294 1977 ro
311 1906 348 1979 ὅ(
356 1906 512 2003 spumare
529 1900 669 1975 differre
680 1922 724 1973 ex
743 1901 896 1975 Minucii
906 1898 1033 1973 Felicis
1048 1897 1129 1972 loco
1145 1900 1280 1973 aCerda
1294 1900 1445 1975 addudlo
1460 1901 1589 1975 discere
1605 1908 1786 2002 potuisses:

255 2001 292 2075 dt
309 2027 364 2075 ara
389 2002 428 2075 dt
440 2000 544 2099 frena
569 1998 663 2073 reue
681 1996 864 2093 spumantia
884 1995 956 2072 dici
969 2020 1074 2070 nemo
1091 2015 1206 2095 negat.
1256 1998 1314 2070 Ex
1337 2023 1397 2072 ore
1418 2000 1510 2073 enim
1525 2001 1676 2097 spumam
1696 2006 1788 2080 sero·

252 2100 376 2173 cientis
390 2098 431 2173 dt
453 2098 644 2173 anhelantis
667 2096 748 2193 equi
772 2096 869 2169 exire
892 2118 1032 2169 mecum
1057 2092 1246 2185 fateberis,
1271 2093 1327 2169 sed
1350 2112 1438 2193 targa
1458 2148 1470 2189 ,
1494 2102 1572 2171 calla
1594 2098 1633 2172 dt
1658 2103 1787 2204 reliqua

252 2197 409 2271 membra
421 2197 503 2297 equi
519 2246 533 2288 ,
558 2193 658 2269 cursu
673 2192 808 2265 incitati
826 2190 1044 2307 defatigati,
1060 2192 1194 2289 sumam
1209 2190 1333 2293 saepe,
1359 2194 1465 2271 credo
1481 2240 1493 2283 ,
1517 2196 1632 2269 vidisti
1648 2250 1660 2287 ‚
1684 2201 1723 2275 &
1739 2208 1788 2277 ita

252 2296 342 2369 hanc
357 2318 483 2371 vocem
509 2291 576 2365 else
597 2288 851 2391 praeferendam
874 2314 920 2365 ex
943 2286 1015 2390 ipsa
1038 2292 1087 2364 rei
1111 2309 1258 2382 natura,
1290 2315 1395 2390 quam
1411 2294 1541 2366 Poitae
1561 2298 1786 2392 exprimunt,

252 2393 418 2493 colligere
432 2390 608 2464 debuisses.
658 2390 696 2464 Si
712 2388 828 2462 adhuc
841 2386 979 2463 dubites
993 2388 1041 2463 ita
1059 2390 1182 2463 Poitas
1198 2388 1303 2463 distin
1328 2412 1437 2482 uere,
1462 2390 1546 2464 licet
1563 2392 1720 2487 librarii,
1744 2418 1786 2472 ut

249 2494 398 2584 monui,
421 2488 540 2589 passam
556 2488 643 2562 haec
659 2510 731 2562 non
747 2486 898 2559 multum
914 2477 1084 2561 dissimilia
1097 2488 1203 2561 verba
1218 2510 1287 2560 con
1328 2488 1432 2561 ndere
1444 2486 1573 2563 soleant
1592 2540 1604 2577 ‚
1628 2490 1720 2565 disce
1741 2520 1788 2569 ex

250 2590 342 2663 notis
359 2640 373 2681 ‚
399 2588 514 2661 multo
530 2585 682 2659 melioris
694 2582 917 2658 politicarum
933 2584 1180 2684 elegantiarum
1197 2586 1358 2658 omnibus
1376 2584 1524 2658 Gallulis
1540 2586 1682 2677 arbitri,
1707 2596 1786 2665 llus.

249 2690 403 2781 Hairasti,
426 2686 469 2760 ad
487 2682 595 2757 Ovid.
609 2708 649 2757 rr.
667 2683 760 2757 Met.
774 2702 856 2781 324.
870 2707 943 2756 xiv.
957 2690 1039 2781 3⁶3·
1054 2680 1179 2781 quibus
1193 2680 1279 2753 addc
1293 2682 1448 2777 Scheffrri
1462 2681 1500 2755 δε
1516 2684 1617 2755 Gudii
1632 2705 1730 2761 notas
1747 2688 1785 2763 in

246 2783 392 2859 Phaedr.
408 2784 469 2859 lib.
485 2807 538 2857 nr.
550 2780 619 2857 fab.
637 2790 673 2855 6.
699 2782 761 2853 Tu
776 2781 894 2878 potius
906 2802 993 2883 crgo
1009 2782 1102 2854 intra
1111 2779 1390 2855 Rhetoricorum
1403 2778 1444 2855 bt
1459 2778 1785 2863 Grammaticorum

245 2882 497 2955 elementorum
513 2876 685 2979 angustias
700 2878 833 2975 ingenii
847 2878 901 2953 tui
914 2880 1066 2977 impetus
1081 2882 1230 2952 coircc:
1255 2884 1392 2950 trutinat
1402 2878 1547 2974 fabrilia
1566 2882 1677 2953 Fabri.

297 2980 382 3077 Pag.
400 2987 481 3075 362.
501 3002 538 3049 n.
553 3000 611 3050 22.
632 2978 669 3051 in
685 2974 865 3076 Euripidis
880 2976 962 3049 loco
979 3026 993 3069 ,
1018 2998 1122 3077 quem
1137 3000 1210 3051 non
1226 2998 1316 3077 ego,
1340 2972 1396 3060 sed
1414 2980 1534 3051 Parrus
1549 2975 1781 3077 produxerat,

250 3072 336 3147 male
351 3075 436 3173 poni
453 3092 636 3149 accentum
652 3073 689 3146 in
705 3072 833 3147 vocula
847 3072 958 3176 ipat,
984 3072 1091 3175 digna
1105 3090 1169 3150 tuo
1183 3072 1366 3175 supercilio
1380 3092 1485 3169 nota,
1508 3072 1684 3153 observare
1708 3104 1781 3155 non

244 3191 453 3265 contentus,
476 3196 532 3247 me
548 3171 619 3247 hoc
630 3192 688 3266 per
741 3172 911 3343 ampurffl
922 3171 1101 3248 cavillaris.

292 3272 376 3371 Pag.
389 3267 515 3369 384n.
532 3278 616 3365 2⁶3·
632 3271 669 3342 in
695 3292 801 3342 otoo
827 3266 1014 3343 scurillimo
1029 3269 1128 3344 Fabii
1144 3318 1158 3363 ,
1182 3268 1244 3369 qui
1256 3266 1424 3343 vindicari
1440 3294 1460 3341 a
1474 3268 1536 3345 tali
1549 3268 1781 3349 Commenta-

246 3387 345 3461 tore,
363 3368 423 3467 qui
437 3366 543 3466 jadtat
558 3365 612 3461 se,
630 3388 717 3466 quae
732 3389 797 3441 nec
807 3372 947 3468 Scaliger
960 3390 1024 3443 nec
1035 3372 1210 3459 Murrius,
1224 3389 1290 3441 nec
1305 3365 1363 3440 alii
1379 3366 1563 3461 uiderunt,
1577 3368 1633 3443 sed
1648 3372 1780 3471 inqui·

242 3465 310 3540 bus
332 3466 481 3564 turpiter
504 3482 682 3558 errarunt,
707 3464 924 3565 prolaturum
942 3466 979 3539 in
993 3466 1131 3561 lucem,
1153 3464 1367 3557 merebatur,
1392 3464 1448 3539 sed
1463 3490 1566 3565 quem
1582 3486 1642 3558 tu,
1662 3470 1779 3545 relidia

242 3562 316 3636 aliis
335 3561 667 3639 commentatoribus
688 3563 936 3661 interpretandi
956 3564 1138 3655 molestia,
1170 3566 1207 3637 in
1227 3562 1380 3639 sordibus
1397 3562 1605 3637 Ascensranis
1627 3566 1780 3640 volutari

240 3658 379 3754 solitus,
403 3660 572 3735 intadium
590 3660 749 3737 dimittis.
777 3660 846 3737 Sed
861 3662 899 3736 in
906 3663 1008 3737 Badii
1023 3662 1116 3735 notis
1131 3684 1213 3734 cum
1232 3660 1403 3761 reperisses
1417 3660 1561 3733 verbum
1582 3666 1778 3756 Hirtilium,

240 3782 307 3858 pro
332 3782 374 3831 eo
403 3758 455 3832 hir
476 3762 618 3833 uitaiiire
646 3760 886 3861 reponendum
911 3760 977 3835 else
998 3782 1179 3851 monens,
1211 3760 1298 3833 citas
1318 3756 1459 3833 Festum
1481 3757 1520 3831 dt
1545 3756 1777 3835 Censorinum

240 3879 317 3957 cap.
332 3881 382 3931 tv.
394 3854 438 3930 de
451 3782 508 3929 die
520 3854 657 3931 Natali.
706 3858 808 3932 Haec
824 3862 952 3935 iterum
967 3858 1063 3937 fimo
1079 3858 1137 3933 alii
1154 3855 1348 3961 sublegilli,
1364 3856 1420 3949 dt,
1445 3876 1486 3931 ut
1498 3855 1671 3955 suspicor,
1688 3864 1776 3933 Lan-

240 3956 424 4051 reubargia,
449 3956 561 4054 quiin
580 3955 787 4055 Antiquario
801 3953 862 4031 suo
876 3977 983 4059 caput
997 3982 1045 4033 rv.
1062 3954 1242 4033 Censorini
1257 3958 1367 4031 citat:
1394 3978 1474 4028 nam
1489 3956 1526 4026 in
1541 3972 1623 4026 toto
1640 3953 1701 4027 illo
1716 3980 1775 4032 ca-

242 4054 313 4151 pitc
321 4051 503 4128 Censorini
518 4053 606 4129 nihil
625 4052 735 4127 limile
748 4058 968 4150 occurrit,at
982 4056 1021 4129 in
1035 4079 1195 4155 capxnr.
1219 4054 1430 4248 Qarppure
1444 4052 1510 4127 ribi
1526 4074 1776 4151 repono,quae

231 4174 320 4253 pag.
333 4172 348 4251 3
352 4172 414 4252 93.
428 4176 464 4226 n.
476 4175 562 4251 407.
575 4152 666 4226 mihi
682 4156 841 4255 oggerit,
855 4153 960 4229 verba
975 4171 1047 4228 tua.
1071 4154 1321 4259 Qantafirtius
1373 4154 1441 4247 aser
1453 4156 1611 4242 autimas,
1635 4175 1710 4245 quas
1728 4158 1775 4225 ci-

242 4264 293 4323 tas
301 4300 314 4343 ,
327 4256 479 4327 attentius
492 4254 610 4351 legera,
635 4252 761 4350 &quar
774 4258 848 4355 sagis
865 4254 1021 4329 intellasiu
1032 4256 1171 4352 aaffequi,
1196 4276 1291 4351 qnam
1299 4247 1444 4345 famosas
1457 4247 1501 4331 i?
1517 4250 1668 4321 natabiles
1682 4268 1776 4325 natae

240 4352 276 4421 in
292 4356 449 4445 maara,
472 4374 656 4449 quormque
668 4350 767 4451 legisti
779 4402 792 4444 ,
816 4377 913 4451 mque
925 4352 1278 4453 intelligis,campilare.
1327 4346 1394 4419 Sed
1419 4346 1551 4437 uicisti,
1576 4344 1775 4422 Lioentiate

238 4446 458 4547 Theologc,
481 4446 529 4517 do
555 4449 622 4525 tibi
638 4473 789 4545 manus,
814 4448 996 4549 &liquid
1045 4446 1100 4523 ost
1121 4466 1220 4519 tuam
1242 4442 1431 4519 editionem
1457 4447 1495 4518 in
1519 4468 1594 4519 mea
1619 4446 1774 4521 editione

237 4542 376 4635 vitiosa,
400 4563 443 4617 ut
455 4542 567 4617 multa
581 4548 791 4643 essefateor,
805 4544 841 4641 so
868 4546 973 4640 erest,
998 4474 1043 4621 id
1049 4563 1092 4623 ut
1107 4546 1261 4623 omnein
1275 4566 1371 4623 tuam
1387 4542 1583 4638 infamiam,
1605 4544 1666 4643 qui
1682 4564 1775 4619 meat

236 4641 367 4717 aesario
389 4638 470 4715 ausu
490 4661 593 4719 notas
615 4642 655 4721 dt
677 4648 783 4721 varias
802 4647 816 4725 l
873 4646 967 4727 'ones
985 4646 1024 4725 in
1045 4666 1152 4821 tuarku1
1169 4645 1358 4723 editionem
1379 4640 1607 4735 transtulisti,
1630 4638 1774 4717 latiores

1174 4766 1199 4823 2
1688 4760 1774 4817 cou-
