4064 5558
397 244 487 353 AD
532 239 635 328 ct.
687 233 1456 362 caerenoNNtsnlu'M.'
1628 244 1680 327 29

155 427 243 498 rinae
253 412 475 513 >scriptorem
490 423 625 506 praeter
639 424 722 490 eos,
733 400 795 497 qui
808 399 851 472 de
861 402 1052 479 Rhetorica
1067 405 1284 502 laborarunt,
1300 404 1356 477 sed
1370 404 1460 477 solbs
1476 403 1574 477 locos
1590 425 1688 474 com·
1747 476 1754 497 ,

154 540 273 594 munes
288 536 367 588 tuos
383 510 420 582 &
439 507 573 581 Lexica
590 501 625 571 bt
640 497 811 580 Glossaria
831 501 1052 594 Rhetorica,
1078 528 1164 602 quae
1176 504 1414 578 inexhaustum
1442 504 1507 575 tibi
1525 503 1695 573 horreum.
1794 517 1801 529 ·

152 613 394 718 praebebunt,
426 607 612 702 diligenter
642 596 742 669 serva.
792 596 857 679 Ex,
875 599 939 671 illis
962 599 1094 698 semper
1108 601 1151 672 de
1177 603 1297 675 iisdem·
1316 603 1414 675 rebus
1439 599 1685 676 verbosrffimas

154 738 253 789 notas
269 712 497 806 depromere,
525 697 563 769 &
578 697 704 768 centies
718 692 835 765 eadem
852 746 864 783 ,
889 696 935 786 ad
947 696 1158 774 diversorum
1175 700 1381 797 scriptorum
1400 701 1501 791 loca,
1533 699 1595 771 ubi
1609 721 1686 768 mo·

154 814 202 888 do
220 811 356 884 caedem
374 808 517 877 dieiienes
534 795 575 874 {9²
584 793 746 890 formulae
762 795 906 885 loquendi
922 801 1139 886 Occurrent,
1173 811 1364 895 reponere,
1399 800 1433 871 in
1450 819 1590 896 promtu
1610 796 1688 867 erit.

158 913 289 1007 Neque
306 902 407 976 facilc
423 898 488 972 tibi
506 889 741 989 desperandam
754 889 823 965 ,else
840 891 941 964 video
958 892 1118 986 laudem,
1144 923 1212 994 qua
1229 894 1427 969 vastissimos
1441 900 1517 968 illos
1531 895 1688 967 Thesau-

158 1035 251 1095 ros,
286 1002 411 1100 quibus
444 997 653 1068 Graecarum
680 1037 692 1079 ,
724 989 991 1082 Romanarum,
1024 993 1219 1066 italicarum
1244 994 1499 1066 &Sicularum
1526 992 1690 1087 Antiqui·

161 1127 275 1180 tatum
303 1100 481 1196 scriptores
510 1087 680 1159 innumeri
707 1089 1084 1183 comprehenduntur,
1116 1091 1281 1189 superes,
1308 1115 1406 1162 novo¹
1424 1095 1584 1163 Rhetorice
1608 1090 1691 1159 Tire·

157 1205 273 1300 sauro,
299 1208 311 1292 (
319 1198 372 1268 vel
388 1213 425 1264 ut
440 1186 609 1286 appellare
625 1184 734 1281 magis
751 1199 840 1256 amas
856 1238 869 1276 ,
895 1189 1088 1283 Philaiagica
1104 1192 1321 1279 Bibliotheca)
1342 1186 1366 1260 fi
1381 1189 1501 1262 orbem
1517 1190 1695 1261 literatum

165 1305 235 1373 hoc
254 1315 390 1367 munere
407 1285 618 1380 locupletare
642 1281 801 1354 volueris.
853 1285 966 1356 Nunc
989 1287 1079 1356 enim
1096 1287 1271 1377 Fabium,
1305 1287 1500 1385 ingenti&
1520 1287 1693 1384 Gigantea

163 1395 256 1467 mole
271 1382 581 1484 conspiciendum,
615 1379 831 1452 Graecorum
852 1379 1111 1455 &Latinorum
1134 1385 1220 1457 locis
1238 1384 1402 1458 similibus
1418 1385 1456 1456 &
1474 1383 1694 1479 discrepanti·

163 1493 247 1582 bus,
272 1487 392 1575 notis,
420 1481 547 1581 quibus
567 1478 679 1550 omnis
694 1477 911 1559 Graecorum
937 1481 976 1552 &
996 1483 1239 1555 Romanorum
1261 1482 1435 1582 artificum
1449 1485 1487 1555 T
1488 1481 1699 1577 ecbnologia

164 1590 343 1686 ampliter,
359 1584 397 1655 ὃ(
415 1581 544 1653 centies
561 1575 680 1647 iisdem
696 1577 849 1673 repetitis
865 1580 998 1668 verbis,
1024 1581 1236 1677 explicatur,
1263 1582 1495 1679 constipatum
1514 1581 1578 1654 tibi
1595 1580 1698 1651 debe*-

165 1712 252 1762 mus.
302 1684 388 1755 Cras
404 1674 812 1764 PithoeanosRheroras,
840 1675 948 1748 tribus
963 1698 1154 1772 quatuorve
1173 1677 1408 1752 voluminibus
1424 1678 1638 1777 spedlabiles,
1663 1675 1702 1760 ὃς

168 1785 285 1859 iisdem
301 1779 370 1853 fere
381 1778 456 1868 ,vel
468 1797 563 1849 certe
582 1773 722 1844 mutatis
739 1772 798 1844 hic
815 1770 932 1845 &illic
947 1774 1080 1872 aliquot
1097 1775 1292 1876 synonymis
1308 1778 1362 1851 vel
1380 1801 1459 1849 non·
1470 1778 1619 1848 multum
1638 1766 1704 1845 dis·

170 1882 335 1958 similibus
359 1878 504 1965 verbis,
539 1870 818 1943 adnotationibus
841 1891 999 1944 oneratos
1021 1905 1033 1959 5
1068 1875 1227 1971 perendie
1252 1875 1432 1948 Ciceronis
1454 1870 1704 1951 Rhetorica&

171 1979 337 2056 Oratoria
370 1998 508 2072 opera,
538 1968 667 2040 multos
692 1965 729 2038 &
753 1967 876 2064 longos
899 1969 1055 2067 [ejusdem
1086 1975 1165 2045 artis
1191 1974 1444 2072 Magistrorum
1478 1972 1623 2045 referens
1655 1990 1708 2042 ter

170 2097 334 2178 quaterve
352 2072 469 2160 locos,
495 2067 658 2139 illustrata
671 2067 928 2138 commentariis
943 2070 1096 2164 repetitis
1113 2073 1305 2169 protrudes.
1356 2074 1450 2144 Mox
1466 2070 1588 2144 deinde
1598 2070 1709 2142 Grae·

172 2178 391 2252 ciRhetores
409 2168 452 2242 ab
461 2166 555 2239 Aldo
569 2163 769 2262 proditi,&
787 2163 823 2233 in
838 2165 957 2258 primis
967 2167 1619 2268 Hermogenes,GeorgiusDiaeretcs,
1630 2169 1709 2238 Ma-

174 2278 286 2350 ximus
303 2271 443 2344 Rhetor
460 2315 472 2357 ,
498 2264 617 2336 Photii
634 2260 886 2358 Amphilochia
903 2314 915 2350 ,
948 2262 1016 2335 &c
1033 2264 1103 2339 &c
1119 2267 1189 2339 &c
1205 2266 1313 2366 longo
1330 2268 1468 2366 agmine
1486 2267 1522 2338 &
1540 2265 1641 2338 denso
1661 2265 1711 2336 se*-

175 2392 357 2473 quentur,
389 2366 426 2437 &
441 2365 535 2437 foros
559 2360 712 2432 librarios
734 2359 939 2453 implebunt.
992 2364 1070 2435 Hos
1094 2366 1248 2464 excipiet
1264 2365 1495 2455 Aristotcles,
1529 2366 1589 2462 qui
1616 2366 1711 2436 certe

177 2493 216 2544 ut
233 2471 313 2542 artis
329 2464 492 2538 conditor
509 2459 545 2530 bt
563 2460 744 2558 princeps,
762 2460 916 2555 ,primam
932 2461 1127 2535 merebatur
1143 2488 1258 2536 curam
1278 2492 1285 2535 :
1316 2465 1411 2536 hunc
1430 2463 1516 2536 falfis
1534 2461 1623 2533 illius
1636 2463 1711 2534 Do

178 2568 293 2640 metrii
321 2562 473 2637 Phalerei
498 2609 510 2649 ,
544 2580 615 2628 non
640 2555 684 2626 de
704 2559 986 2650 interpretatione,
1018 2558 1072 2632 sed
1095 2562 1132 2632 de
1158 2566 1331 2633 Elaeurione
1355 2560 1515 2648 libellus,
1548 2562 1640 2630 Galei
1652 2560 1714 2632 ab*

178 2664 275 2741 surda
293 2662 328 2734 &
344 2659 482 2733 indubia
499 2653 653 2728 verfione
667 2650 791 2751 rejebla
817 2655 933 2750 (quod
957 2657 1143 2728 multarum
1160 2677 1319 2730 notarum
1345 2657 1440 2729 dabit
1464 2657 1631 2742 caussam}
1654 2659 1714 2730 de·

180 2764 260 2837 inde
278 2756 390 2835 Abbas
408 2761 440 2829 la
458 2758 548 2828 Pure
567 2802 580 2842 ,
602 2750 638 2823 &
663 2753 817 2850 Gedaynus
832 2752 874 2823 ad
892 2752 1045 2825 terribile
1061 2755 1233 2853 popularis
1249 2755 1297 2828 sai
1313 2755 1517 2828 Censorium
1536 2757 1633 2828 citati
1651 2757 1713 2828 tri·

179 2861 284 2936 bunal
301 2852 593 2942 contremiscent,
621 2846 749 3019 (quibus
766 2848 932 2921 damnatis
957 2853 1149 3018 imperitiae
1169 2853 1249 2924 artis
1263 2853 1504 2943 Rhetoricae,
1538 2852 1574 2926 &
1589 2851 1715 2949 utrius,-

184 2983 252 3056 que
273 2959 412 3052 linguae
427 2949 565 3046 insignis
584 2948 620 3018 in
634 2946 807 3034 cientiae,
833 2969 951 3016 ornnes
974 2970 1010 3016 re
1026 2949 1096 3045 iqui
1114 2948 1292 3050 Philologi
1318 2952 1352 3022 in
1376 2971 1452 3025 tuta
1473 2948 1504 3023 se
1526 2940 1693 3050 recipient
1703 3000 1725 3041 ,-

187 3079 231 3128 ne
247 3053 446 3139 vulnerum,
464 3069 550 3143 quae
558 3044 768 3138 Philoiagicae
782 3058 855 3114 tuae
872 3044 1117 3138 differrentur,
1133 3049 1356 3122 nonGallulo
1372 3050 1485 3139 ferro,
1502 3049 1557 3122 sed
1567 3051 1714 3141 Germa·

183 3179 229 3226 no
242 3149 378 3223 acinace
395 3145 578 3243 infligent,
604 3142 716 3213 minae
732 3137 808 3238 ipso
823 3141 1009 3239 conspesbu
1019 3145 1179 3217 Athletae
1196 3170 1254 3216 eos
1271 3149 1478 3219 exaniment.
1528 3148 1595 3218 His
1611 3147 1715 3222 tot&

182 3251 283 3324 tantis
296 3243 532 3322 voluminibus
546 3263 619 3311 non
633 3238 848 3311 Rhetoricae
865 3237 973 3310 modo
987 3242 1067 3312 artis
1083 3241 1313 3339 mysteriavul
1358 3243 1430 3335 bis,
1451 3242 1509 3316 ‘sed
1526 3245 1691 3319 Poe'ticen
1702 3298 1724 3340 ,

183 3339 489 3437 Hellenismum&
505 3337 825 3436 pronuntiationem
840 3339 933 3436 ejus,
958 3338 1060 3410 certis
1075 3339 1209 3439 legibus
1227 3340 1315 3414 &di
1350 3344 1418 3415 atis
1431 3340 1620 3417 constitues
1637 3395 1650 3434 ,

184 3441 404 3543 explanabis,
425 3457 466 3510 ut
482 3438 648 3524 Budaeus,
674 3438 877 3531 Mauffaeos,
902 3440 1095 3534 Scaligerus,
1120 3442 1354 3534 Vavafforem,
1381 3441 1590 3535 Schefferum,
1616 3445 1652 3509 Τ
1646 3447 1717 3515 alli·

186 3569 269 3633 um,
303 3545 548 3621 Narmannum,
573 3535 611 3605 in
633 3532 686 3604 his
710 3533 897 3629 puerilibus
918 3533 1095 3610 elementis
1109 3537 1196 3609 nihil
1209 3537 1351 3627 vidisse,
1375 3542 1491 3610 omnia
1507 3536 1726 3635 confudisse,

186 3666 251 3715 nec
267 3636 356 3736 ipsos
366 3637 510 3731 Tropos
520 3655 544 3736 a
558 3629 696 3729 Figuris
713 3628 901 3703 discernere
916 3632 1085 3730 potuillie,
1109 3634 1207 3706 claris
1221 3635 1257 3705 ὃς
1277 3634 1412 3708 invictis
1426 3637 1635 3735 argumentis
1650 3634 1716 3709 do‘·

188 3764 266 3813 cere
280 3733 433 3810 videaris.
481 3727 642 3803 Tandem
653 3733 787 3804 Latinae
800 3732 944 3825 Linguae
958 3730 1114 3826 Thesauri
1129 3732 1325 3806 emendatio
1349 3733 1626 3834 &amplificatio
1643 3735 1717 3829 (di-

187 3861 297 3940 gnum
316 3827 483 3933 ‘ergastuli
507 3826 623 3900 incola
646 3829 763 3922 opus)
796 3827 978 3903 coronabit
1003 3855 1121 3904 omnes
1139 3857 1206 3930 pro
1225 3857 1298 3930 rep.
1313 3832 1459 3906 literaria
1474 3833 1653 3906 exhaustos
1668 3833 1717 3908 la..

188 3943 308 4026 bores,
327 3931 363 4003 &
374 3926 523 4000 memori
538 3923 740 4024 sepulchro,
757 3925 845 3996 inter
860 3946 916 3998 tot
930 3927 1098 4003 librorum
1115 3929 1475 4027 titulos‚insculptum
1494 3929 1598 4001 literis
1612 3954 1717 4030 gran·

192 4033 346 4107 dioribus
375 4027 445 4100 hoc
473 4024 604 4123 ingenii
630 4024 681 4115 tui
713 4044 980 4097 monumentum
1005 4027 1185 4101 Basilicam
1207 4032 1353 4129 primam
1377 4024 1592 4100 Parisr‘ensem
1618 4026 1718 4104 orn'n·

192 4131 271 4223 bit,
302 4125 366 4201 nili
389 4144 467 4198 ante
488 4122 627 4196 fatalem
654 4120 746 4193 diem
770 4121 980 4195 Scholastica
1001 4128 1270 4224 eprovinciaad
1294 4123 1589 4220 Metropolitanae
1611 4127 1720 4203 Dioc-

195 4227 303 4302 ceseos
316 4222 531 4325 splendorem
546 4216 687 4294 tranfire
700 4220 866 4312 coabbas,
891 4219 1000 4295 titulis
1024 4224 1091 4296 tuis
1107 4221 1446 4323 Archiepiscopalem
1470 4224 1591 4298 urbem
1608 4223 1639 4297 se
1656 4252 1729 4325 po·-

191 4326 285 4399 steris
303 4324 471 4398 ostentare
481 4317 624 4418 jusseris.
651 4318 750 4390 Haec
766 4321 904 4411 omnia,
930 4345 994 4418 pro
1010 4318 1175 4393 modestia
1190 4343 1248 4393 tua
1264 4318 1444 4418 singulari,
1468 4346 1541 4396 non
1555 4324 1591 4396 in
1605 4323 1721 4399 fronte

191 4425 270 4501 libri
283 4421 359 4512 ,sed
373 4419 500 4494 centies
515 4418 551 4488 in
565 4415 659 4490 notis
676 4414 811 4508 tuis,&
821 4440 883 4514 per
900 4417 1147 4514 compendium
1163 4418 1198 4490 in
1214 4417 1327 4493 indice
1344 4419 1405 4493 sub
1420 4420 1722 4496 CAPPERON·

192 4523 346 4600 NERll
362 4517 503 4616 nomine
512 4520 638 4608 (rarum
654 4536 749 4589 certe
763 4515 963 4616 exemplum
974 4513 1135 4589 Ausloris
1149 4516 1253 4619 ipsius
1267 4543 1394 4592 nomen
1408 4538 1501 4594 tanta
1514 4545 1595 4594 curn
1612 4518 1632 4588 s
1649 4520 1723 4591 ecie

190 4622 234 4698 ἃ
247 4640 375 4719 pompa
390 4614 426 4686 ³¹¹
443 4611 558 4687 indice
574 4614 778 4729 mmm)
802 4617 1001 4695 annuntiata
1024 4615 1173 4790 τυρούς
1199 4619 1328 4716 poterit
1342 4618 1479 4712 leesor,
1512 4617 1550 4694 ἃ
1577 4545 1657 4689 inde
1680 4616 1734 4790 qe

1192 4737 1209 4814 3
1709 4755 1729 4784 r
