4064 5558
259 273 318 381 a,
473 199 1632 353 r.nuunnuu1urtssotr

261 430 298 486 rt
314 415 478 506 interprete
491 397 715 505 ingenieſsfflmo
739 403 949 503 (accipimus
965 401 1065 503 quod
1076 401 1156 491 dat)
1180 410 1235 500 qui
1251 419 1357 477 tamen
1373 412 1472 482 rimie
1488 416 1627 506 quadam
1645 421 1793 516 abreptas
1838 490 1841 498 .

255 515 373 606 gloriae
388 511 577 601 eupiditate,
599 523 636 576 ut
651 528 762 600 magra
777 510 942 575 uariarum
958 526 1062 575 rerum
1077 504 1237 583 volumina
1254 508 1414 577 celerrime
1429 514 1524 602 (non
1539 517 1685 608 novisti,
1703 523 1792 597 Fac.

147 681 150 684 Α
260 609 407 698 ciolate,
431 606 640 691 Graevium,
666 601 708 671 de
724 603 822 698 cujus
847 600 1067 673 cunitatione
1086 598 1212 696 saepius
1226 624 1327 698 quam
1346 601 1560 680 festinatione
1572 637 1690 688 omnes
1706 644 1792 716 que·

132 693 150 710 ⁸
261 703 302 774 sti
321 704 482 788 suerunt)
500 704 689 786 adornaret,
708 703 809 770 multe
827 697 978 794 miscuit,
1003 722 1055 770 nec
1071 713 1139 768 tam
1146 698 1239 794 saepe
1254 701 1330 790 qaid
1334 699 1508 794 scriberet,
1525 731 1620 800 quam
1635 733 1791 806 quartum

249 801 422 895 scriberet,
447 803 609 894 cogitavit.
659 799 745 866 Nolo
762 798 812 866 hic
825 799 1015 891 perstrgula
1028 794 1215 889 discurrere:
1234 795 1296 894 sed
1311 813 1415 868 tamea
1430 807 1477 871 ita
1497 824 1625 898 repere,
1650 816 1794 887 abicum-

259 905 362 993 quein
379 901 664 970 Hottomannum
679 909 736 964 aut
752 893 787 963 in
797 892 1030 983 Lambinum,
1045 911 1101 962 aar
1117 898 1149 962 in
1164 897 1241 976 alios
1257 894 1450 968 Graevianis
1465 900 1595 975 Schaliis
1612 909 1758 1002 insertas,
1769 939 1793 986 a

258 999 344 1068 nolis
359 998 483 1089 aliquid
493 995 641 1079 dicitur,
672 990 707 1059 id
721 993 753 1058 in
776 988 875 1082 ipsum
895 991 957 1061 dici
971 990 1189 1074 Graevium,
1223 993 1277 1081 qai
1297 1015 1367 1061 cum
1393 999 1493 1067 multa
1516 1001 1550 1068 in
1565 1007 1674 1076 maltis
1695 1011 1793 1083 libere

252 1090 493 1189 *castigaveriffi
527 1094 598 1159 EA
633 1080 896 1158 CENSETUR
941 1088 1194 1160 PROBASSE
1234 1089 1453 1181 OMNIA,
1492 1097 1636 1196 QUAE
1682 1105 1789 1186 PRO

257 1185 501 1263 SUSCEPTO
529 1186 749 1257 MUNERE
773 1184 894 1254 NON
911 1180 1257 1257 IMPROBAVIT:
1285 1184 1380 1258 Ecce
1396 1212 1456 1281 par
1477 1189 1514 1261 ὃ(
1532 1193 1638 1268 simile
1654 1201 1789 1278 mihi&

197 1318 204 1332 s
257 1285 451 1357 venerando
468 1284 683 1382 praeceptori
703 1303 779 1352 meo
795 1278 923 1352 fatum!
951 1282 1137 1353 Incurrunt
1154 1282 1188 1350 in
1204 1303 1267 1352 nos
1283 1280 1376 1375 duo,
1392 1285 1517 1385 plebeji
1534 1288 1572 1361 &
1589 1295 1676 1367 vitio
1694 1323 1789 1374 crea·

259 1383 288 1453 ti
304 1382 476 1470 censores,
501 1381 600 1452 alieni
616 1380 728 1474 operis
743 1376 876 1448 molesti
892 1377 1093 1467 exastores,
1120 1376 1310 1476 paedagogi
1325 1388 1519 1480 arrogantia
1534 1389 1786 1491 intolerabiles,

257 1481 320 1576 qui
336 1480 425 1579 leges
441 1479 541 1551 nobis
559 1477 596 1547 &
614 1473 801 1564 omnibus,
833 1475 893 1572 qui
915 1475 1058 1572 posthac
1082 1477 1254 1547 variorum
1277 1498 1373 1551 notas
1396 1504 1612 1580 congerent,
1639 1490 1787 1570 scribent

257 1577 442 1673 ineptas&
462 1572 664 1647 stultiffimas
683 1623 695 1663 ,
720 1595 784 1644 nec
797 1573 1011 1739 permittent
1034 1591 1074 1644 ut
1097 1573 1294 1670 cujusquam
1320 1596 1421 1649 notas
1448 1580 1675 1678 adjiciamus,
1700 1596 1786 1687 quin

258 1672 407 1772 singulas
423 1675 470 1746 ita
482 1672 725 1760 excutiamus,
758 1692 794 1740 re
808 1668 976 1760 ellamus,
1010 1669 1281 1742 &emendemus
1299 1721 1310 1761 ,
1335 1694 1376 1745 ut
1392 1673 1418 1746 fi
1435 1679 1518 1775 quid
1536 1687 1718 1777 praeterire
1733 1694 1785 1762 vi·

256 1769 329 1842 sum
347 1770 471 1861 fuerit,
498 1769 531 1842 id
548 1792 671 1856 omne,
694 1765 788 1865 quod
804 1766 853 1837 illi
868 1786 1075 1863 peccarunt,
1101 1768 1200 1838 nobis
1216 1766 1436 1844 adscribatur.
1476 1776 1611 1874 Lepida
1628 1807 1710 1856 vero
1726 1809 1785 1859 ca·

255 1869 351 1965 pita,
377 1868 401 1942 ss
418 1869 596 1942 cerebrum
612 1868 648 1937 in
667 1888 777 1938 vacuo
791 1866 921 1937 vertice
935 1865 1122 1956 haberetis,
1146 1863 1351 1941 &fasciolae
1371 1869 1663 1970 &Capperanreri,
1688 1907 1786 1956 amo·

254 1989 292 2036 re
314 1990 482 2064 nugarum
498 1961 717 2065 pernobile,
750 1962 787 2033 &
804 1961 1019 2060 gemellum!
1054 1962 1192 2034 Videtis
1214 1986 1338 2060 nempe
1359 1966 1447 2039 hanc
1470 1995 1573 2044 unam
1597 1979 1719 2070 je'unis
1743 1981 1783 2055 bc

254 2063 346 2133 varia
361 2062 557 2135 eruditione
612 2060 738 2132 stitutis
755 2058 922 2157 magistris
938 2081 1098 2155 apparere
1115 2059 1204 2130 viam
1221 2109 1234 2148 ,
1266 2063 1461 2157 grandes&
1478 2003 1639 2147 immensi
1652 2075 1785 2173 ponde·

255 2159 299 2230 ris
315 2157 418 2231 libros
441 2179 544 2232 extru
639 2160 679 2246 i,
729 2180 791 2229 uos
811 2156 967 2255 Regibus
984 2155 1136 2253 &regiis
1152 2157 1346 2255 magistris,
1380 2163 1441 2256 qui
1457 2186 1516 2235 eos
1531 2191 1717 2268 numquam
1734 2175 1783 2247 le·

246 2275 367 2354 gent,
399 2282 471 2330 non
495 2255 659 2330 dubitatis
683 2179 832 2342 oberte,
866 2273 907 2326 ut
931 2277 974 2326 es
996 2253 1087 2326 vasta
1108 2252 1185 2326 libri
1208 2254 1301 2325 mole
1322 2256 1358 2328 &
1375 2255 1516 2358 lingulis
1538 2269 1671 2366 paginis
1688 2270 1784 2372 saepe

254 2375 440 2450 apparente
458 2353 647 2426 uncialibus
665 2350 772 2422 literis
787 2349 998 2422 CAPPER.
1018 2349 1057 2421 &
1073 2349 1310 2424 FACCIOL.
1329 2359 1519 2430 innumerum
1538 2389 1700 2438 numerum
1719 2394 1785 2446 uo·

256 2468 369 2524 tarum
391 2451 576 2524 vestrarum
602 2448 820 2547 conjiciant,
853 2445 1021 2543 &aequo
1044 2446 1116 2519 auri
1142 2447 1321 2545 pondere,
1353 2451 1409 2523 vel
1432 2454 1573 2532 lucrosis
1591 2463 1783 2543 honoribus

218 2542 219 2547 ’
255 2546 407 2644 pensent.
457 2550 525 2622 Sed
541 2547 565 2620 sr
583 2548 669 2619 hanc
684 2545 796 2644 legem
812 2541 1045 2643 perferendam
1064 2542 1193 2639 jusserit
1203 2544 1430 2622 Eruditorum
1447 2553 1553 2648 ordo,
1578 2584 1659 2653 cur,
1677 2563 1700 2635 ὃ
1717 2563 1786 2637 du·

255 2647 285 2716 ri
301 2644 414 2716 cordis
430 2644 465 2716 &
481 2648 549 2717 oris
567 2645 791 2732 Licentiate,
824 2664 895 2713 non
910 2663 1001 2713 meas
1018 2641 1146 2741 ubique
1161 2643 1260 2715 irruis
1275 2643 1311 2715 in
1328 2666 1425 2720 notas
1446 2699 1459 2740 ,
1493 2651 1530 2724 ὅ(
1546 2654 1590 2726 de
1604 2677 1675 2730 tatn
1690 2666 1784 2734 inarr-

255 2764 340 2814 mero
365 2764 491 2814 numere
516 2764 639 2839 paucas
662 2738 876 2828 admodum,
902 2737 991 2808 &in
1015 2738 1137 2905 quibus
1152 2739 1196 2812 de
1211 2742 1312 2838 nugis
1330 2744 1626 2824 Grammaticis&
1641 2757 1785 2830 Rheto-

220 2839 335 2911 »ricis
358 2839 516 2930 tricaris,
549 2837 650 2910 audes
677 2832 885 2924 confutare,
916 2831 953 2905 ὃ(
975 2856 1023 2905 nu
1039 2836 1083 2905 las
1103 2835 1172 2907 fere
1196 2838 1380 2912 conscribis
1401 2863 1526 2933 notas,
1559 2849 1594 2921 in
1611 2850 1667 2923 illa
1682 2854 1782 2930 Fabii

161 2941 163 2945 ’
254 2937 397 3034 capita,
429 2937 491 3007 ubi
514 2937 588 3008 vela
617 2931 686 3031 ipse
714 2933 930 3028 eloquentiae
956 2930 1032 3007 suae
1055 2933 1202 3030 pandit,
1233 2936 1269 3008 &
1296 2937 1472 3034 produbtis
1497 2943 1643 3021 aliorum
1668 2949 1781 3029 verbis

252 3031 291 3103 bt
308 3032 509 3131 fragmentis
525 3050 580 3104 tot
598 3030 741 3101 Criticis
758 3050 876 3098 cruces
894 3026 1000 3192 figit,
1033 3047 1074 3098 ut
1089 3030 1123 3096 in
1139 3032 1320 3123 Capitibus
1335 3037 1373 3102 de
1390 3040 1494 3129 Riste,
1529 3050 1694 3116 Memoria
1708 3047 1781 3127 ὅτε.

243 3152 315 3203 ‘aut
333 3154 389 3201 me
405 3150 464 3203 aut
478 3129 561 3202 alios
578 3130 804 3223 interpretes,
838 3119 898 3194 ubi
938 3119 1145 3217 edesperatis
1160 3124 1256 3194 Fabii
1281 3125 1365 3197 locis
1383 3178 1396 3218 ,
1428 3153 1488 3204 aut
1503 3134 1547 3205 de
1569 3140 1782 3236 antiquitatis

255 3248 315 3298 aut
333 3227 493 3298 sermonis
502 3228 656 3300 Romani
670 3221 821 3297 obscuris
836 3220 1070 3293 monumentis
1084 3217 1301 3330 disquiritur,
1325 3246 1344 3292 a
1370 3226 1519 3393 grederis
1537 3230 1552 3302 ?
1576 3236 1658 3308 Ove
1674 3235 1781 3333 placi.

223 3322 332 3412 dior
350 3324 450 3419 hujus
464 3326 597 3420 generis
614 3321 847 3394 adnotationes
863 3316 1065 3391 fereomnes
1083 3337 1267 3414 praeteris,
1301 3317 1331 3390 se
1394 3326 1453 3422 upi
1472 3328 1600 3403 raffiem
1627 3335 1661 3406 in
1679 3337 1778 3410 Rhe.

256 3421 386 3492 toricae
402 3418 788 3517 elementaspesmntes,
813 3433 972 3486 nontam
987 3437 1098 3503 meas,
1124 3438 1225 3510 quam
1241 3417 1387 3490 aliorum
1412 3440 1530 3516 notas,
1555 3427 1667 3504 sumis.
1711 3436 1778 3510 Sed

256 3517 358 3590 liceat
375 3519 488 3607 mihi,
523 3536 708 3614 pacetua,
743 3513 832 3584 hanc
847 3510 1026 3583 molestam
1046 3512 1176 3610 Augiae
1194 3513 1361 3587 stabulum
1377 3523 1543 3620 purgandi
1562 3531 1777 3623 provinciam

211 3633 214 3639 ’
254 3616 450 3713 deprecari,
476 3617 577 3689 liceat
594 3614 680 3687 mihi
693 3613 853 3702 Tumebi,
878 3615 1074 3697 Camerarii,
1099 3611 1293 3705 Mosellam,
1315 3614 1443 3709 Petrei,
1469 3622 1575 3712 Piri,
1600 3627 1778 3723 Gronovii,

242 3718 471 3784 ·Almelovenii
480 3762 492 3801 ,
517 3710 554 3783 ὅ(
571 3711 596 3783 fi
612 3735 699 3810 quae
714 3709 859 3782 aliorum
874 3728 1091 3796 occurrunt,
1116 3725 1213 3779 notas
1228 3710 1265 3780 in
1282 3733 1392 3784 meam
1408 3714 1597 3792 editionem
1612 3746 1781 3824 congere·

254 3832 317 3898 re,
348 3808 480 3906 illisque
494 3827 554 3880 aut
569 3808 753 3882 censoriam
769 3823 888 3877 notam
905 3801 1163 3914 (quodnsaepea
1179 3828 1255 3916 me,
1271 3824 1306 3878 te
1319 3832 1459 3907 quoque
1473 3814 1707 3914 adprobante,
1730 3824 1781 3898 sa·

254 3905 351 3985 &um
374 3932 445 3980 non
469 3905 630 4004 negabis)
646 3924 848 4004 apponere,
879 3920 939 3974 aut
962 3920 1069 3975 tacito
1093 3920 1276 4000 praeterire
1300 3905 1438 3982 illorum
1461 3912 1535 3987 inte
1579 3923 1780 4015 retationes,

254 4003 338 4077 licet
354 4023 416 4079 tuo
425 4003 561 4104 judicio
576 4005 786 4102 incongruae
802 3998 839 4072 ὅ(
854 4001 896 4072 ad
912 4022 983 4072 rem
1008 4001 1216 4097 pertinentes
1231 4026 1301 4074 non
1314 4005 1504 4082 videantur.
1537 3939 1675 4090 spicea
1691 4021 1781 4096 mihi

254 4099 414 4175 brevitati
428 4101 631 4195 consulere,
655 4122 697 4175 ut
711 4101 914 4199 plerumque
928 4096 1075 4189 studeo,
1099 4120 1164 4169 nec
1181 4120 1225 4169 ex
1240 4098 1379 4173 infamia
1392 4103 1558 4201 aliorum,
1582 4116 1642 4209 qui
1657 4118 1779 4194 unicus
1845 4115 1847 4120 ’

237 4215 334 4270 tuae
349 4199 507 4272 editionis
523 4200 601 4277 finis
617 4253 630 4295 ,
662 4198 787 4273 famam
806 4218 977 4294 quaerere.
1001 4195 1165 4290 Qrantus
1178 4216 1288 4287 vero,
1312 4199 1457 4294 quaeso,
1472 4206 1700 4303 Quindbiliani
1715 4240 1778 4289 co.

253 4295 322 4368 dex
344 4295 491 4387 exisset,
524 4296 548 4368 fi
575 4300 617 4371 ad
641 4298 787 4400 {iugulas
813 4296 959 4369 aliorum
983 4312 1109 4382 notas,
1140 4315 1208 4391 ego
1231 4291 1405 4406 longiores
1433 4301 1582 4397 adjicere
1612 4316 1780 4410 cogerer?

251 4390 373 4488 Quam
396 4418 468 4467 non
487 4397 602 4488 grandi
624 4399 664 4474 ἐφ’
678 4401 779 4489 gravi
792 4395 1080 4468 commentationum
1105 4415 1143 4463 err
1165 4396 1270 4462 vareis
1284 4398 1459 4483 pamiculis
1478 4401 1676 4494 conſsrrarrrm
1695 4411 1780 4496 sere

253 4497 476 4580 carrubium,
496 4493 570 4585 jam
592 4512 734 4588 gmvans
761 4494 815 4562 tui
843 4493 957 4588 operia
977 4485 1115 4560 consors
1137 4486 1181 4559 ὃς
1195 4508 1364 4584 nugarum
1386 4491 1653 4595 incongruamm
1697 4509 1778 4579 arti·

254 4611 339 4689 ceps
362 4588 400 4666 bt
416 4587 556 4688 adjutor
570 4587 799 4678 Martairirs,
822 4608 940 4660 meum
955 4581 1233 4675 Qatnuilianum
1252 4589 1432 4684 gemuisset
1447 4644 1461 4687 ,
1486 4598 1547 4698 qui
1565 4603 1636 4700 jam
1643 4528 1696 4698 sp

246 4711 255 4727 ·
743 4744 751 4749 -
1699 4701 1781 4801 (ha-

1666 4625 1780 4678 rarum
1888 4596 1895 4610 ’
