4064 5558
314 290 375 387 ‚4
553 259 1124 359 nsuunsunr
1180 176 1621 344 erssrosl

317 448 424 518 cum,
448 421 504 500 sed
520 447 640 523 patum
658 423 867 511 Latinuml)
882 423 1053 520 aliquando
1062 423 1266 518 perduceret,
1295 421 1381 494 haec
1400 445 1472 494 non
1485 422 1673 516 monuisse,
1697 424 1736 499 ὃ(
1753 451 1798 504 tx
1812 434 1865 504 iu.

316 541 401 602 certo
413 541 534 601 certain
547 541 579 598 tc
593 526 770 621 reddidiffu.
800 523 897 596 Nam
916 523 996 595 talia
1008 520 1050 594 ad
1067 521 1184 594 sorum
1201 523 1274 619 ejus
1293 519 1329 592 &
1349 520 1501 593 tribunal
1518 525 1703 619 pertinent.

370 623 399 694 P
449 678 455 693 .
472 645 555 721 274
571 647 604 697 n.
625 643 707 721 155.
722 643 805 696 cum
821 619 1052 721 vulgatissima
1074 643 1213 720 quoque
1236 618 1273 690 &
1299 622 1413 718 pueris
1434 621 1525 718 apud
1549 646 1612 694 nos
1629 643 1713 697 nota
1728 624 1771 698 de
1785 629 1866 702 Au·

317 646 462 818 gurislt
477 725 613 816 tripudia
620 722 794 819 scillino,
819 718 1005 794 fastidienti
1022 718 1142 793 ledlori
1161 716 1378 819 quotidianas
1395 719 1551 817 reliquias
1566 722 1796 818 apposuisses,
1823 752 1871 802 ne

322 825 360 890 in
372 843 410 893 re
426 821 570 894 minime
583 820 689 895 dubia
702 820 908 896 auctoritate
923 836 1053 891 careret
1075 839 1187 907 nota,
1221 814 1335 888 subdis
1358 817 1468 890 tribus
1485 816 1597 891 verbis
1613 821 1686 893 Vrd.
1705 820 1768 895 Tit.
1785 827 1871 900 Liv.

323 915 378 989 sed
402 944 445 991 an
474 919 688 1017 antiquitatis
709 917 916 1016 compendia
941 939 1012 989 non
1036 935 1230 1016 potuerunt
1255 915 1321 986 tibi
1347 915 1407 989 lib.
1431 939 1467 989 x.
1493 940 1570 1014 cap.
1588 939 1649 1012 40.
1666 918 1867 1019 ostendere,

326 1015 389 1088 ubi
419 1038 555 1091 tantum
580 1016 729 1117 negleffi
755 1016 988 1089 &contemti
1014 1013 1117 1113 hujus
1148 1013 1211 1087 aus
1230 1014 1289 1086 icii
1314 1015 1458 1087 minime
1481 1016 1490 1084 i
1519 1034 1645 1088 notum
1667 1023 1871 1119 exemplum

326 1115 462 1189 narrat?
488 1116 655 1190 debuisses
673 1117 791 1214 potius
809 1115 852 1187 ad
870 1114 1053 1188 Ciceronis
1069 1113 1174 1186 libros
1213 1113 1469 1188 eDivinatione
1484 1036 1521 1186 ἓ
1535 1118 1721 1218 praecipue
1734 1142 1775 1192 11.
1791 1143 1870 1229 cap.

322 1232 383 1309 34.
400 1215 597 1309 remittere,
623 1215 684 1290 ubi
698 1239 741 1289 ex
782 1212 903 1288 rofeffo
918 1212 961 1286 de
979 1237 1022 1284 eo
1037 1213 1163 1311 agitur.

324 1388 331 1398 ,
376 1312 461 1412 Pag.
480 1335 561 1412 313.
574 1338 611 1388 n.
630 1336 708 1411 140.
764 1312 947 1387 olomesrus
963 1310 1123 1386 Voffium
1140 1307 1332 1408 compilans
1357 1308 1477 1408 culpat
1493 1309 1641 1386 Fabium
1661 1363 1674 1405 ,
1705 1315 1801 1414 quod
1818 1342 1874 1394 er.

326 1415 451 1483 raverit
465 1413 502 1484 in
520 1410 672 1509 Aspasia.
721 1411 784 1484 Tu
798 1411 947 1511 subjicis.
999 1414 1183 1505 Colcmestus
1201 1411 1300 1482 Fabia
1313 1411 1449 1483 tribucre
1466 1433 1525 1482 uon
1547 1412 1678 1484 debebas
1701 1440 1805 1489 eorum
1822 1445 1874 1492 er·

327 1517 515 1604 rorem,qui
532 1513 627 1583 libras
643 1508 904 1608 transcripserunt
917 1511 975 1583 uel
986 1513 1065 1602 typis
1080 1510 1244 1582 ediderunt
1255 1508 1402 1600 (utinam
1423 1530 1558 1581 memor
1574 1508 1677 1600 huius
1686 1520 1879 1616 praecepti,

332 1603 461 1704 &lege
478 1629 536 1681 tua
555 1608 627 1681 aliis
643 1609 723 1682 data
738 1607 870 1708 semper
894 1606 970 1680 usus
996 1605 1131 1695 fuisses)
1154 1609 1218 1704 lege
1233 1604 1312 1701 ipsas
1327 1604 1495 1702 Aeschinis
1510 1605 1533 1695 Ξ
1550 1613 1701 1684 Socratici
1718 1613 1876 1713 dialogos,

332 1728 405 1798 quas
418 1730 488 1777 sum
506 1711 586 1779 uatis
599 1709 705 1782 edidit
712 1708 917 1803 Spaulsemius
931 1756 944 1798 ,
976 1709 1032 1778 vel
1044 1707 1184 1800 Joanncs
1199 1706 1340 1778 Clericus
1354 1709 1389 1776 in
1405 1712 1469 1800 4⁸⁰.
1519 1706 1588 1778 His
1603 1708 1715 1782 verbis
1729 1707 1803 1786 sane
1819 1737 1876 1811 op-

325 1804 401 1895 pida
419 1814 431 1895 (
447 1828 491 1877 ne
504 1804 619 1878 dicam
627 1806 730 1902 frans)
750 1804 919 1903 insignem
936 1802 1054 1902 prodis
1071 1824 1184 1876 rerum
1201 1803 1426 1875 literariarurn
1441 1804 1694 1902 ignorantiam,
1710 1822 1775 1882 n'ec
1789 1814 1876 1908 quid

332 1902 422 1972 inter
445 1904 604 1976 eruditos
620 1924 761 2005 geratur
785 1904 870 1976 scire
890 1904 1026 1975 videris.
1077 1901 1287 1997 Numquam
1312 1902 1405 1973 enirn
1430 1902 1880 2000 spanhemius-(ezechielem

333 2017 370 2070 te
384 1999 576 2100 intelligere
592 2002 726 2094 credo,
758 2003 818 2100 qui
842 2026 906 2098 pro
930 2000 1113 2075 excellenti
1132 1999 1290 2073 dodrina
1306 1999 1344 2070 &
1367 1998 1536 2099 dignitate
1553 2002 1671 2103 elogio
1686 2003 1803 2104 aliquo
1819 2032 1879 2083 οῖ.

334 2098 434 2187 nari,
469 2125 533 2172 nec
549 2124 631 2173 curn
651 2105 769 2174 Clerica
787 2102 822 2172 in
841 2099 999 2172 ordinem
1017 2098 1128 2198 redigi
1151 2097 1365 2182 merebatur)
1383 2098 1492 2171 edidit
1506 2097 1684 2174 Aeschinis
1699 2102 1881 2206 dialogos,

333 2192 388 2266 sed
406 2193 475 2292 ipse
492 2203 631 2272 Clericus
648 2250 660 2290 ,
686 2200 800 2272 necin
817 2205 880 2292 4¹⁰.
894 2195 948 2270 sed
967 2199 1003 2269 in
1020 2196 1070 2271 8⁰.
1086 2217 1126 2269 ut
1140 2216 1283 2270 vocant:
1298 2199 1333 2268 in
1353 2196 1409 2268 illa
1426 2221 1511 2270 vero
1528 2197 1683 2273 editione
1700 2196 1823 2276 frustra
1840 2207 1880 2280 in

331 2292 495 2395 Dialogis
512 2295 706 2390 Aeschinis,
725 2297 850 2386 credo,
876 2319 1015 2394 quaeres
1027 2297 1204 2392 Aspafiam.
1231 2294 1299 2368 Sed
1317 2300 1482 2386 Clericus,
1505 2298 1619 2397 quarti
1633 2297 1779 2412 Dialogi
1795 2302 1880 2378 loco

333 2391 462 2489 adjecit
476 2395 580 2466 verba
598 2395 781 2493 Ciceronis
796 2418 839 2467 ex
853 2394 912 2467 lib.
937 2419 968 2466 1.
983 2393 1028 2465 de
1049 2397 1180 2466 invent.
1201 2414 1256 2488 31.
1304 2392 1425 2484 Quare
1446 2414 1481 2465 te
1497 2418 1686 2496 numquam
1704 2396 1879 2515 Dialogos

335 2489 417 2660 illos
435 2490 614 2566 Aeschinis
629 2492 752 2571 vidisse
765 2512 854 2592 puto
866 2509 886 2584 ',
918 2490 1013 2591 quod
1030 2491 1160 2565 necesse
1176 2509 1271 2582 erat,
1297 2488 1323 2563 ss
1341 2490 1580 2566 Colomefium
1595 2491 1749 2569 resellere
1766 2497 1878 2575 libido

335 2607 428 2662 eet.
585 2624 587 2626 ·

384 2689 470 2787 Pag.
490 2708 569 2785 340.
587 2713 622 2761 n.
639 2686 699 2762 81.
712 2688 755 2763 ad
771 2688 871 2762 Fabii
887 2690 992 2780 haec,
1018 2690 1097 2760 bona
1109 2690 1155 2761 ad
1167 2713 1216 2760 ure
1224 2691 1401 2780 pertinent,
1411 2685 1552 2783 adjicis,
1567 2689 1643 2762 vide
1657 2706 1697 2764 ut
1711 2697 1877 2792 apudJu.

336 2783 531 2882 riscousultos
547 2787 580 2861 cl
586 2794 746 2882 pertinere
752 2790 910 2885 fignificat
920 2789 1145 2882 proprietatem
1159 2789 1200 2866 [θ’
1216 2789 1470 2876 Domiuium,ut
1487 2786 1695 2887 ajunt,quae
1710 2790 1805 2865 nihili
1823 2795 1876 2868 cst

303 2918 308 2926 ·
338 2881 559 2975 observatio,
590 2908 655 2957 nec
671 2887 743 2959 huc
755 2892 927 2979 pertinens.
979 2885 1077 2959 Nam
1099 2885 1214 2956 utitur
1235 2884 1306 2955 hoc
1321 2883 1429 2956 verbo
1447 2883 1568 2958 Fabius
1591 2886 1635 2959 de
1650 2887 1757 2961 modo
1772 2914 1808 2964 ar
1856 2896 1878 2950 '-

339 2981 517 3055 mentandi
532 3007 594 3080 per
607 2984 839 3079 epichirema,
862 2984 899 3057 in
913 3008 986 3083 quo
1002 2980 1222 3056 controversa
1237 2981 1427 3078 probantur
1444 2981 1620 3075 confessis,
1638 3009 1703 3058 nec
1720 2988 1793 3088 agit
1841 3015 1882 3065 u·

338 3079 399 3152 dio
418 3079 456 3153 ὅ(
469 3080 549 3152 data
564 3105 587 3152 o
635 3105 669 3153 ra
682 3080 727 3153 de
741 3081 849 3155 verbo
864 3088 1043 3174 attinere,
1054 3093 1158 3179 quae·
1168 3080 1290 3152 millies
1305 3081 1375 3152 hoc
1393 3078 1484 3153 sensu
1502 3081 1682 3174 oc‘currit,
1707 3083 1746 3158 δε
1766 3110 1811 3160 ex
1829 3089 1878 3162 so·

341 3178 379 3252 lo
398 3179 558 3251 Briffonii
576 3104 715 3251 ildrico
737 3200 896 3279 magnam
920 3179 991 3248 vim
1009 3178 1127 3276 legum
1150 3177 1342 3275 producere
1366 3174 1884 3281 commentdtorespotuilsent,

341 3273 368 3350 fi
383 3276 466 3348 tales
480 3296 578 3350 notas
596 3277 787 3350 necessarias
803 3276 1033 3350 credidissent.
1815 3314 1818 3318 ι

394 3376 479 3474 Pag.
498 3396 581 3471 593.
595 3400 630 3447 n.
652 3397 733 3471 127.
748 3375 862 3448 laudas
880 3373 1012 3474 Diarnfl
1026 3378 1175 3447 Helicae.
1200 3388 1281 3445 non*
1293 3374 1447 3448 indicato
1465 3374 1566 3469 loco,
1581 3375 1643 3474 qui
1659 3379 1708 3452 est
1722 3381 1766 3454 de
1785 3405 1886 3458 com·

345 3471 448 3574 pofit.
464 3471 600 3546 verbor.
643 3497 697 3572 ag.
716 3495 771 3546 rr..
789 3473 886 3547 Edit.
906 3473 1002 3570 Sylb.
1053 3470 1109 3543 Ad
1123 3471 1184 3544 lib.
1201 3496 1249 3545 vr.
1268 3496 1344 3570 cap.
1364 3495 1394 3570 3.
1408 3475 1444 3547 in
1464 3471 1535 3546 fine
1549 3497 1617 3574 ego
1635 3478 1672 3552 in
1688 3499 1773 3553 nota
1787 3482 1886 3556 dixe·

345 3594 419 3646 ram
435 3621 447 3661 ‚
478 3570 559 3644 vide
576 3499 740 3646 Saloatum
756 3573 794 3644 dc
806 3576 902 3645 claris
916 3572 1002 3664 apud
1013 3576 1112 3643 Senes.
1127 3568 1260 3644 Rhcrn.
1275 3577 1310 3643 in
1325 3574 1459 3645 Vinicio.
1511 3571 1651 3649 Deinde
1663 3575 1752 3651 bene
1766 3579 1891 3655 distin·
1967 3627 1973 3633 -

345 3670 404 3745 &a
418 3666 564 3769 periodo
581 3669 790 3771 subjeceram
807 3671 913 3743 varias
929 3668 1093 3742 lediones
1108 3670 1179 3740 hoc
1194 3668 1313 3741 modo.
1340 3671 1435 3741 Erdc
1449 3670 1579 3745 daliore.
1589 3673 1763 3774 steph&
1778 3680 1891 3752 deas.

349 3776 440 3842 iiore.
456 3767 558 3841 V.C.
577 3769 670 3851 Alm.
684 3792 767 3840 curn
783 3770 820 3839 in
833 3785 936 3841 textu
953 3765 1052 3838 Fabii
1068 3767 1173 3856 esset,
1198 3767 1241 3848 ὅ
1253 3768 1292 3837 dc
1306 3774 1419 3840 aliare.
1471 3770 1534 3842 Tu
1553 3793 1632 3870 pag.
1653 3795 1668 3873 3
1673 3781 1740 3862 96:
1750 3799 1784 3849 n.
1799 3798 1888 3871 450,

349 3866 431 3966 quia
442 3862 533 3949 sorte
549 3867 670 3940 Schotti
683 3865 812 3940 librum
827 3867 883 3940 vel
901 3889 972 3938 non
988 3872 1152 3956 noveris,
1176 3863 1231 3937 vel
1246 3887 1318 3938 non
1334 3863 1542 3964 inspexeris,
1568 3872 1649 3944 edis.
1674 3875 1887 3949 VideSchatt.

350 3967 388 4038 sle
414 3966 519 4036 Claris
534 3967 621 4060 apud
635 3974 737 4037 Seuer.
754 3966 853 4037 Rhct.
870 3964 913 4045 ssi
927 3965 1047 4034 Vinicio
1071 3964 1109 4036 de
1124 3967 1261 4036 Doiiore
1282 3965 1386 4056 Steph.
1412 3964 1450 4036 ὅ(
1467 3984 1554 4039 tunc
1576 3987 1671 4042 tuam
1695 3970 1806 4046 subdis
1820 3997 1889 4045 no·

353 4082 424 4136 tarn
438 4085 510 4134 non
526 4061 719 4137 diluuium
734 4086 753 4134 a
770 4085 946 4160 mea,quo
955 4061 1095 4134 nomine
1111 4061 1199 4133 mihi
1214 4062 1380 4160 gratulor.
1406 4061 1495 4136 Tibi
1511 4068 1602 4138 enim
1612 4066 1889 4146 Leeorehunc

346 4158 529 4259 stuporem
546 4160 764 4254 adscribent,
798 4159 835 4232 &
851 4163 977 4260 gratias
994 4158 1060 4234 tibi
1083 4182 1215 4258 agent,
1249 4161 1310 4258 qui
1334 4159 1451 4234 omissa
1467 4165 1635 4264 particula
1662 4168 1704 4249 &
1721 4171 1890 4243 continua

354 4253 436 4329 serie
448 4258 593 4332 edideris
609 4261 744 4353 omnia,
771 4258 808 4332 &
825 4280 860 4332 te
876 4263 944 4358 jam
960 4258 1143 4333 Vinicium
1153 4263 1297 4331 Doiioris
1310 4259 1416 4332 titulo
1431 4278 1590 4334 ornatum
1604 4262 1799 4361 credidisse,
1826 4265 1887 4341 fibi

356 4352 635 4455 persuadebunt,
658 4357 695 4431 δί
714 4377 749 4431 te
764 4355 924 4432 Turrensis
939 4356 1007 4430 sola
1022 4356 1201 4430 cavillandi
1215 4357 1359 4430 lrbrdsne
1374 4357 1519 4456 obloqui
1535 4384 1597 4461 per
1612 4362 1645 4437 se
1661 4363 1836 4440 videbunt.

406 4454 492 4552 Pag.
509 4477 591 4550 52¹·
608 4481 642 4529 n.
665 4456 795 4556 193.ad
809 4456 869 4528 hb.
887 4483 965 4531 vnr.
981 4469 1016 4530 6.
1033 4479 1115 4529 curn
1131 4479 1199 4557 ego
1214 4454 1436 4529 Catachrefin
1448 4458 1484 4529 in
1499 4463 1661 4559 exemplo
1676 4463 1888 4564 exTragicis

358 4553 501 4649 petito,
532 4558 597 4625 Leo
614 4561 747 4646 pariet,
780 4577 851 4627 non
874 4555 910 4626 in
924 4561 983 4625 leo
1005 4552 1120 4627 sedin
1139 4560 1245 4648 pariet
1267 4553 1333 4625 else
1355 4557 1579 4651 quaerendam
1604 4561 1794 4636 docuissem
1812 4562 1891 4663 post

358 4651 463 4745 alios,
486 4650 526 4728 δι
537 4650 621 4729 ideo
635 4653 803 4750 exemplis
818 4650 1040 4752 pepercissem
1058 4676 1068 4726 t
1092 4651 1300 4728 sedGraecis
1315 4651 1354 4730 &
1371 4653 1525 4749 Latinis,
1538 4659 1650 4735 immo
1668 4658 1706 4734 &
1723 4661 1895 4736 Hebraeis

1822 4758 1897 4835 ufi-
