4058 5558
338 326 403 419 ῃ
563 274 1680 377 a.aua·raarsn1..asrs·roaa

340 482 383 531 re
400 509 412 547 ,
436 450 622 527 liberaliter
636 448 759 523 let-lori
778 444 863 519 dans
877 444 950 517 aliis
964 441 1130 542 surrepta.
1154 442 1238 543 Ego
1252 442 1339 515 'v'ero
1353 438 1534 515 defirnelus
1547 464 1640 515 eram
1655 470 1693 543 p.
1709 454 1734 517 6
1738 462 1795 542 53.
1810 442 1885 519 Et

346 578 396 629 m.
421 555 485 625 hac
508 548 701 645 brevilsrma
715 546 974 647 admonitione,
999 546 1067 615 vid.
1085 542 1130 649 ael
1145 544 1198 611 lib.
1215 566 1264 611 vr.
1281 566 1349 649 ca..
1368 564 1400 611 2.
1416 540 1478 611 ubi
1491 561 1532 613 tu
1547 566 1626 641 pag.
1646 542 1728 640 368.
1744 568 1778 615 n.
1799 564 1886 643 135..

348 652 436 729 n'ihil
453 652 642 747 adjeceras,
663 668 733 743 ego
745 668 828 715 vero
845 642 918 715 duo
936 641 1073 713 tantum
1082 640 1180 711 Livii
1193 640 1293 711 loca:
1309 564 1365 710 (ed
1379 636 1597 747 adflDeclam.
1615 664 1781 715 occurant
1798 644 1888 737 (ubi

350 772 391 825 tu
417 748 520 823 solito
545 746 611 819 tibi
636 768 733 815 more
757 741 884 840 lapsum
909 762 1122 838 operarum,
1148 761 1219 834 quo
1242 736 1389 829 Quinet.
1410 734 1470 807 hb.
1489 760 1539 809 vr.
1559 736 1643 809 lnst.
1660 762 1737 837 cap.
1761 764 1788 811 r.
1815 766 1889 839 pro

350 874 436 1019 mle
450 872 504 1017 2¹·
523 838 1091 1015 {lllllrllall‘ll
1104 837 1253 1027 ῧῗῗὲ)
1278 832 1468 1005 ‘flllll‘
1493 834 1890 1031 lisladlllll

336 971 471 1131 dictand,
485 995 589 1137 ’quasa
604 1060 714 1110 novae
730 1036 768 1107 dc
783 1035 953 1108 inauditae
967 1033 1208 1130 explicationis
1220 1028 1300 1101 effes
1316 1028 1388 1129 ipl‘e
1399 983 1520 1103 audior
1537 1081 1550 1119 ,
1575 1032 1680 1129 lonpsr
1696 1034 1896 1109 circumlo-

337 1145 494 1217 'cutione
512 1140 602 1211 hanc
615 1131 752 1235 phrasin
768 1134 957 1231 explanas,
982 1132 1020 1203 St
1035 1154 1079 1202 ne
1094 1130 1187 1201 nihil
1195 1129 1300 1229 'egill'e
1314 1130 1476 1200 videreris
1490 1176 1503 1216 ,
1525 1128 1645 1228 adjicis
1663 1132 1804 1205 Horatii
1822 1156 1897 1211 no·

348 1260 407 1313 tos
432 1240 471 1310 &-
495 1236 694 1309 decantatos
716 1232 830 1304 verlirs
848 1253 893 1302 ex
910 1232 991 1303 Art.-
1008 1232 1105 1301 l’oet.
1130 1234 1217 1300 r8a.·.
1232 1227 1294 1325 qui
1314 1227 1385 1299 huc
1402 1226 1488 1299 nihil
1511 1224 1643 1299 faciunt
1662 1253 1671 1299 :
1698 1254 1770 1305 non
1786 1234 1894 1307 enim

349 1339 400 1411 ibi
419 1332 641 1408 dedocendo
661 1330 806 1429 judice,
834 1328 890 1399 sed
914 1328 958 1400 de
971 1324 1142 1399 irritandis
1158 1326 1284 1397 artimis
1300 1326 1443 1423 agitur,
1468 1346 1540 1421 quo
1564 1349 1634 1424 ego
1649 1334 1897 1427 opportunius

349 1435 429 1509 usus
444 1433 517 1505 sum
534 1432 577 1503 ad
593 1430 703 1504 Ovid.
716 1432 840 1525 lepore.
855 1448 933 1499 120.
949 1446 989 1498 ut
1007 1424 1104 1498 brevi
1119 1422 1235 1495 videre
1249 1424 1380 1497 licebit.

400 1530 624 1629 Deprehendi
647 1530 750 1599 etiarn
776 1528 812 1596 in
837 1523 1017 1596 manifesto
1041 1522 1138 1593 form
1161 1541 1198 1593 te
1218 1522 1369 1617 apertius
1392 1520 1517 1620 pateris
1541 1546 1621 1622 pag.
1637 1548 1722 1617 47r.
1744 1550 1801 1621 ¹7·
1824 1528 1897 1603 ubi

352 1632 600 1703 Patavinitutr's
615 1627 709 1698 Livii
727 1622 814 1695 l'adla
830 1622 1006 1695 mentione
1022 1644 1090 1719 ego
1106 1619 1278 1717 pagooll.
1296 1618 1362 1691 Ed.
1379 1646 1425 1691 nr.
1442 1620 1530 1694 nihil
1546 1626 1637 1693 addo
1654 1672 1667 1712 ,
1692 1624 1777 1713 nisi,
1804 1626 1897 1701 Vide

335 1732 400 1799 ¹ad
412 1732 467 1799 lil.
492 1750 522 1797 r.
543 1750 557 1815 5
592 1724 627 1795 δί
647 1714 745 1796 illurn
765 1720 806 1793 ad
826 1720 944 1793 locum
959 1720 1049 1790 nihil
1073 1716 1447 1815 quoqueadieceram,
1471 1718 1535 1791 nisr
1557 1718 1654 1816 quod
1673 1724 1832 1819 Morhrfii
1847 1728 1897 1797 li·

338 1828 468 1898 -bellnm
492 1826 531 1896 de
551 1824 781 1919 Patavinitalr
796 1822 894 1891 Livii
914 1817 1134 1893 laudaverim.
1183 1814 1284 1907 Qud
1305 1814 1374 1887 tu?
1398 1818 1545 1913 repetita
1563 1842 1639 1889 mea
1663 1820 1809 1910 notula,
1834 1820 1897 1895 sed

351 1946 457 2019 quam
481 1919 574 1992 nulla
592 1944 613 1991 a
635 1938 695 1992 tua
709 1918 916 2017 grandiori,
941 1916 979 1987 dc
994 1914 1137 1985 nomine
1150 1914 1481 2009 (Lapperonneriano
1502 1915 1686 2011 fulgente,
1711 1916 1896 1995 dirlinstio

333 2020 536 2109 ¹discernit,
562 2018 681 2088 multis
698 2016 811 2085 verbis
825 2012 1115 2101 differtationem‚
1133 2032 1236 2105 quarn
1251 2036 1293 2083 an
1306 2034 1471 2109 umquam
1489 2011 1610 2111 legeris
1625 2014 1771 2107 dubito,
1790 2024 1898 2093 Mor·

352 2120 431 2211 hofii
445 2116 693 2203 commendas,
719 2112 756 2185 dt
774 2112 875 2183 stulta
898 2112 1081 2182 iteratione
1100 2109 1246 2206 adjicis,
1270 2110 1382 2203 vidests
1402 2116 1530 2199 etiam,
1561 2136 1641 2205 quae
1654 2112 1758 2205 stupra
1779 2134 1900 2191 aaran

344 2218 426 2313 fiant
438 2217 484 2285 acl
496 2218 556 2285 illa
572 2215 627 2285 lib.
643 2236 672 2283 r.
693 2232 760 2305 cap.
780 2232 812 2303 ς.
825 2208 953 2299 verba,
980 2208 1049 2281 &e
1077 2208 1181 2279 bisin
1196 2206 1313 2277 eadem
1333 2226 1441 2297 nota,
1466 2232 1569 2304 quam
1587 2230 1698 2281 totam
1713 2210 1896 2287 ledlores'a

353 2334 391 2387 te
405 2310 596 2410 professam
612 2308 678 2381 elle
692 2308 832 2381 credere
850 2306 1001 2397 debent,
1024 2304 1067 2379 ad
1085 2304 1247 2377 eumdem
1265 2305 1609 2398 locumremittens,
1635 2330 1700 2381 nec
1716 2312 1897 2406 periturae

330 2411 494 2485 'chartae
537 2430 665 2479 arcens.
986 2432 992 2441 ¹
1098 2436 1104 2446 ·
1213 2438 1216 2443 ·
1321 2440 1325 2447 ·

404 2510 487 2608 Pag.
502 2434 546 2603 dh
555 2528 588 2577 2.
607 2506 673 2579 Ed.
690 2528 786 2578 meae
803 2504 844 2579 ad
859 2504 919 2579 lib.
935 2528 1013 2579 vrn.
1028 2528 1104 2599 cap.
1118 2502 1386 2599 4.·locuti0ncm
1400 2500 1499 2597 nescio
1519 2526 1591 2593 arr,
1616 2520 1738 2577 contin
1753 2506 1785 2579 F
1786 2510 1898 2583 mneii

329 2652 333 2659 ·
354 2607 610 2703 coniecturam,
637 2628 704 2701 qua
713 2605 777 2676 ille
793 2606 947 2701 nesciaaa
963 2628 1023 2676 nan
1035 2601 1194 2675 substitui
1209 2604 1385 2690 voluerat,
1404 2600 1612 2692 defendens,
1637 2626 1766 2676 moneo
1781 2604 1899 2683 lee‘lo·

330 2730 338 2741 ·
356 2728 453 2793 rem,
479 2722 520 2775 ut
536 2700 719 2798 respiceret
735 2702 777 2771 ad
791 2704 851 2771 lib.
866 2726 933 2773 xrr.
951 2726 1028 2798 cap.
1049 2702 1200 2797 ri.'pag.
1214 2724 1309 2772 meae
1324 2698 1390 2773 Ed.
1413 2698 1515 2773 1108.
1531 2702 1591 2771 ubi
1609 2701 1765 2798 pluribus
1779 2707 1900 2779 verbis

329 2803 529 2900 -explico,
554 2799 645 2871 idem
663 2798 729 2871 effe
744 2796 840 2896 quod
853 2798 1018 2892 famuli,
1045 2796 1244 2870 &aliorum
1268 2798 1473 2871 authoritate
1494 2796 1680 2870 confirmo.
1729 2802 1791 2873 Tu
1809 2828 1900 2879 vero

356 2924 429 2973 non
445 2898 553 2971 solum
569 2900 686 2993 priore
702 2900 781 2969 loco
798 2920 878 2995 pag.
894 2916 974 2983 tuae
989 2894 1056 2969 Ed.
1073 2914 1155 2989 501.
1173 2918 1208 2967 n.
1226 2916 1284 2989 24.
1302 2918 1414 2967 meam
1431 2894 1586 2967 notulam
1606 2919 1678 2967 non
1693 2895 1857 2975 discernis
1878 2928 1901 2977 a

331 3023 337 3033 ·
355 3016 446 3087 tua,
471 2996 529 3067 sed
540 2994 634 3089 quast
651 3014 729 3066 tota
743 3014 801 3066 tua
826 2992 1017 3087 elset'haec·
1030 2994 1248 3089 caplisatio,
1272 2994 1391 3077 addis,
1413 2996 1592 3067 Nascro
1619 3000 1724 3088 AN,
1749 2998 1809 3089 effe
1829 3026 1900 3075 m.

355 3096 475 3189 delum
491 3093 685 3183 adfirmandi
698 3090 849 3182 madum,
873 3094 929 3183 qai
948 3090 1134 3183 'essartaffe
1149 3094 1331 3179 aequivalet
1356 3088 1524 3183 (electum
1542 3093 1667 3165 iterum
1683 3115 1728 3165 ex
1747 3094 1897 3174 bapbnro

331 3193 473 3265 'seculo
495 3188 725 3279 vocabulum)
751 3189 790 3261 &
808 3210 853 3262 ne
866 3184 1280 3287 hocig'noraretlestor,
1303 3187 1397 3260 idem
1423 3189 1547 3285 repetis
1564 3214 1601 3285 p.
1621 3188 1680 3283 85.
1696 3216 1731 3263 n.
1749 3212 1784 3287 5.
1810 3222 1822 3269 r
1828 3206 1893 3283 96.

330 3326 335 3341 ·
358 3315 392 3361 n.
407 3298 489 3362 162.
502 3298 588 3381 674.
604 3309 640 3358 n.
654 3295 716 3360 66.
733 3294 907 3383 743.n.6.
922 3284 960 3357 &
978 3285 1094 3358 nescio
1107 3282 1318 3379 ansaepius,
1340 3284 1457 3357 iisdem
1476 3309 1566 3385 pene
1582 3290 1705 3361 verbis.
1752 3294 1822 3369 Sed
1838 3316 1901 3371 ta.

359 3412 439 3559 pren
467 3385 868 3555 prpetleriistzpagssy'pi..
890 3408 926 3457 n.
937 3408 998 3552 ppt.
1021 3382 1083 3455 ubi
1102 3380 1235 3477 egode
1256 3405 1296 3455 ea
1314 3384 1496 3457 locutione
1519 3386 1624 3459 etiarn
1649 3410 1824 3487 egeram,-
1849 3416 1895 3469 ne

377 3506 493 3558 ortum
524 3508 555 3554 cr
572 3502 641 3555 acet
684 3506 702 3552 e
730 3508 765 3553 re
791 3506 834 3553 en
860 3507 871 3551 r
912 3505 935 3552 o
1001 3534 1009 3551 .

408 3586 493 3682 Pag.
508 3604 594 3681 443.
611 3580 678 3653 Ed.
696 3508 743 3651 rh
759 3580 798 3651 &
816 3506 949 3679 ,rada
970 3600 1051 3691 123.
1075 3597 1176 3668 tuae,
1200 3604 1282 3653 cum
1296 3580 1506 3655 exhibuisses
1530 3602 1648 3656 notam
1666 3606 1802 3678 meam,
1824 3558 1897 3687 qua

332 3728 336 3735 ·
358 3680 592 3778 fragmentum
617 3678 702 3750 illud
721 3676 825 3749 Caffii
842 3678 1074 3768 Severielle,
1099 3678 1238 3751 laudato
1258 3678 1420 3751 Charisro
1438 3680 1474 3750 &
1491 3680 1643 3769 Vollio,
1668 3705 1893 3783 notaveram,

329 3810 335 3817 ·
360 3778 398 3849 St
416 3777 612 3850 addideram
628 3776 712 3847 alios
729 3776 986 3847 Grammaticos
1004 3798 1053 3869 ex·
1066 3774 1182 3847 Callio
1198 3776 1365 3873 quaedam
1380 3774 1572 3875 fragmenta·
1585 3780 1685 3853 nobis
1702 3784 1895 3881 reliquill'e,

360 3874 435 3964 sed,
460 3878 541 3974 quia
557 3874 715 3946 huc-non
730 3873 971 3970 pertinebant,
996 3896 1038 3944 ea
1061 3872 1253 3971 producere
1273 3874 1429 3973 putidius
1454 3877 1541 3947 mihi
1557 3877 1667 3951 visum
1683 3904 1766 3953 erar.
1809 3886 1896 3979 Tu,

361 3998 405 4045 ne
422 3975 509 4046 nihil
534 3972 619 4046 scire
639 3990 675 4043 te
695 3970 873 4044 crederent
890 3970 1086 4064 Lectores,
1110 3970 1290 4063 adscribis,
1313 3975 1390 4045 vide
1407 3974 1591 4046 mumadam
1602 3998 1675 4073 pag.
1692 3978 1774 4075 487.
1785 3988 1896 4057 Vetat.

360 4076 540 4143 Grammat.
578 4092 682 4169 quem
708 4070 876 4167 Stephani
897 4067 1094 4143 Thesaurus
1117 4072 1181 4144 tibi
1215 4070 1473 4144 monstraverat.
1532 4073 1568 4145 Si
1593 4079 1896 4175 operaepretium

359 4168 517 4243 renovari
533 4192 553 4239 a
568 4190 604 4241 te
618 4168 851 4257 Quindliliani
869 4167 1058 4242 editionem
1075 4168 1254 4242 ostendere
1271 4168 1449 4256 voluistis,
1476 4169 1537 4241 hic
1553 4170 1729 4247 Criticum
1745 4198 1782 4249 te
1795 4202 1897 4275 prae-

359 4266 446 4343 stare
468 4264 570 4337 satius
591 4264 725 4357 fuisset,
750 4266 789 4339 δε
805 4290 849 4339 ex
866 4268 966 4341 variis
982 4272 1096 4341 vexati
1113 4269 1184 4342 loci
1205 4266 1441 4356 sessionibus,
1467 4292 1581 4341 veram
1602 4270 1828 4372 exsculpere,
1855 4278 1897 4353 ἃ*

334 4408 337 4413 -
360 4362 409 4437 ita
417 4362 605 4461 ingenii&
621 4361 796 4454 doelrinae
816 4387 896 4439 tuae
916 4367 1158 4464 praestantiam
1176 4366 1332 4465 probare.
1382 4364 1451 4437 Sed
1477 4366 1557 4441 talia
1576 4367 1723 4443 libenter
1741 4370 1778 4443 ἃ
1791 4372 1898 4453 facile

359 4462 524 4559 relinquis
536 4458 629 4548 aliis,
653 4458 718 4532 tibi
736 4460 771 4530 in
787 4462 1109 4537 Grammaticorum
1124 4465 1161 4537 &
1181 4465 1384 4537 Rhetorum
1401 4462 1580 4539 elementis
1595 4469 1829 4567 explicandis,
1856 4474 1900 4551 δί

358 4548 572 4659 putidiffime
587 4556 715 4629 centies
729 4555 847 4629 eadein
861 4562 1055 4657 repetendis
1069 4562 1288 4662 applaudens.

408 4654 864 4761 Mrprscoufidentiapag.
878 4668 1106 4763 tapsi-eqo,
1119 4659 1183 4737 ubi
1196 4659 1357 4761 ampliori
1374 4684 1461 4741 nota
1474 4604 1707 4773 explicueram
1716 4680 1900 4843 pag-{das

727 4808 748 4825 ··
791 4806 807 4827 ι
1859 4790 1904 4845 rt.
