<?xml version="1.0" encoding="UTF-8"?>
<!DOCTYPE html PUBLIC "-//W3C//DTD XHTML 1.0 Transitional//EN"
    "http://www.w3.org/TR/xhtml1/DTD/xhtml1-transitional.dtd">
<html xmlns="http://www.w3.org/1999/xhtml" xml:lang="en" lang="en">
 <head>
  <title>
</title>
<meta http-equiv="Content-Type" content="text/html;charset=utf-8" />
  <meta name='ocr-system' content='tesseract 3.04.00' />
  <meta name='ocr-capabilities' content='ocr_page ocr_carea ocr_par ocr_line ocrx_word'/>
</head>
<body>
  <div class='ocr_page' id='page_1' title='image "./epistolaadclaud00burmgoog_0062.png"; bbox 0 0 4064 5558; ppageno 0'>
   <div class='ocr_carea' id='block_1_1' title="bbox 415 184 1709 391">
    <p class='ocr_par' dir='ltr' id='par_1_1' title="bbox 415 184 1709 391">
     <span class='ocr_line' id='line_1_1' title="bbox 415 184 1709 391; baseline -0.005 -33"><span class='ocrx_word' id='word_1_1' title='bbox 415 184 1445 359; x_wconf 62' lang='lat' dir='ltr'>noct:„cmennortuna1un.</span> <span class='ocrx_word' id='word_1_2' title='bbox 1652 304 1709 391; x_wconf 73' lang='lat'>4,</span> 
     </span>
    </p>
   </div>
   <div class='ocr_carea' id='block_1_2' title="bbox 152 414 1867 4833">
    <p class='ocr_par' dir='ltr' id='par_1_2' title="bbox 153 414 1712 527">
     <span class='ocr_line' id='line_1_2' title="bbox 153 414 1712 527; baseline -0.002 -20"><span class='ocrx_word' id='word_1_3' title='bbox 153 429 255 509; x_wconf 88' lang='lat' dir='ltr'>:mibi</span> <span class='ocrx_word' id='word_1_4' title='bbox 270 421 443 503; x_wconf 78' lang='lat' dir='ltr'>extorsisti</span> <span class='ocrx_word' id='word_1_5' title='bbox 458 475 472 517; x_wconf 89' lang='lat'>,</span> <span class='ocrx_word' id='word_1_6' title='bbox 496 442 581 497; x_wconf 89' lang='lat' dir='ltr'>cum</span> <span class='ocrx_word' id='word_1_7' title='bbox 596 417 718 491; x_wconf 84' lang='lat' dir='ltr'>locum</span> <span class='ocrx_word' id='word_1_8' title='bbox 731 417 886 517; x_wconf 64' lang='lat' dir='ltr'>emnia]</span> <span class='ocrx_word' id='word_1_9' title='bbox 903 415 993 487; x_wconf 75' lang='lat' dir='ltr'>Crat.</span> <span class='ocrx_word' id='word_1_10' title='bbox 1007 437 1028 487; x_wconf 88' lang='lat' dir='ltr'>a</span> <span class='ocrx_word' id='word_1_11' title='bbox 1043 437 1105 489; x_wconf 89' lang='lat' dir='ltr'>me.</span> <span class='ocrx_word' id='word_1_12' title='bbox 1114 414 1303 493; x_wconf 75' lang='lat' dir='ltr'>addusbum</span> <span class='ocrx_word' id='word_1_13' title='bbox 1323 467 1337 509; x_wconf 89' lang='lat'>‚</span> <span class='ocrx_word' id='word_1_14' title='bbox 1361 437 1404 493; x_wconf 89' lang='lat' dir='ltr'>ut</span> <span class='ocrx_word' id='word_1_15' title='bbox 1419 421 1550 497; x_wconf 76' lang='lat' dir='ltr'>Poetae</span> <span class='ocrx_word' id='word_1_16' title='bbox 1564 423 1712 527; x_wconf 86' lang='lat' dir='ltr'>alicujus</span> 
     </span>
    </p>

    <p class='ocr_par' dir='ltr' id='par_1_3' title="bbox 167 509 1709 704">
     <span class='ocr_line' id='line_1_3' title="bbox 167 509 1709 625; baseline -0.005 -17"><span class='ocrx_word' id='word_1_17' title='bbox 167 528 323 619; x_wconf 82' lang='lat' dir='ltr'>versum,</span> <span class='ocrx_word' id='word_1_18' title='bbox 346 522 476 599; x_wconf 81' lang='lat' dir='ltr'>excudi</span> <span class='ocrx_word' id='word_1_19' title='bbox 487 516 635 621; x_wconf 78' lang='lat' dir='ltr'>jusseris.</span> <span class='ocrx_word' id='word_1_20' title='bbox 655 514 763 589; x_wconf 88' lang='lat' dir='ltr'>Forte</span> <span class='ocrx_word' id='word_1_21' title='bbox 777 535 958 619; x_wconf 78' lang='lat' dir='ltr'>numquan</span> <span class='ocrx_word' id='word_1_22' title='bbox 969 509 1067 587; x_wconf 85' lang='lat' dir='ltr'>hunc</span> <span class='ocrx_word' id='word_1_23' title='bbox 1081 512 1283 615; x_wconf 82' lang='lat' dir='ltr'>scriptorem</span> <span class='ocrx_word' id='word_1_24' title='bbox 1298 514 1402 593; x_wconf 77' lang='lat' dir='ltr'>fando</span> <span class='ocrx_word' id='word_1_25' title='bbox 1416 519 1611 618; x_wconf 77' lang='lat' dir='ltr'>audiverat,</span> <span class='ocrx_word' id='word_1_26' title='bbox 1628 528 1709 625; x_wconf 86' lang='lat' dir='ltr'>quia</span> 
     </span>
     <span class='ocr_line' id='line_1_4' title="bbox 170 608 1153 704; baseline -0.018 -1"><span class='ocrx_word' id='word_1_27' title='bbox 170 617 572 704; x_wconf 80' lang='lat' dir='ltr'>nihilad&#39;elementarios</span> <span class='ocrx_word' id='word_1_28' title='bbox 584 614 759 687; x_wconf 86' lang='lat' dir='ltr'>Rhetoras</span> <span class='ocrx_word' id='word_1_29' title='bbox 772 608 990 683; x_wconf 81' lang='lat' dir='ltr'>instruendos</span> <span class='ocrx_word' id='word_1_30' title='bbox 1004 610 1153 685; x_wconf 87' lang='lat' dir='ltr'><strong>confert.</strong></span> 
     </span>
    </p>

    <p class='ocr_par' dir='ltr' id='par_1_4' title="bbox 152 707 1711 1871">
     <span class='ocr_line' id='line_1_5' title="bbox 219 707 1711 826; baseline -0.003 -25"><span class='ocrx_word' id='word_1_31' title='bbox 219 726 360 826; x_wconf 84' lang='lat' dir='ltr'>lnfigne</span> <span class='ocrx_word' id='word_1_32' title='bbox 373 719 486 821; x_wconf 78' lang='lat' dir='ltr'>plagii</span> <span class='ocrx_word' id='word_1_33' title='bbox 498 711 695 823; x_wconf 76' lang='lat' dir='ltr'>exemplum</span> <span class='ocrx_word' id='word_1_34' title='bbox 711 707 769 783; x_wconf 82' lang='lat' dir='ltr'>das</span> <span class='ocrx_word' id='word_1_35' title='bbox 786 730 866 823; x_wconf 71' lang='lat' dir='ltr'>pag·</span> <span class='ocrx_word' id='word_1_36' title='bbox 880 728 965 821; x_wconf 77' lang='lat'>295.</span> <span class='ocrx_word' id='word_1_37' title='bbox 978 733 1015 782; x_wconf 73' lang='lat' dir='ltr'>u</span> <span class='ocrx_word' id='word_1_38' title='bbox 1035 731 1115 808; x_wconf 82' lang='lat'><strong>349·</strong></span> <span class='ocrx_word' id='word_1_39' title='bbox 1132 710 1217 805; x_wconf 85' lang='lat' dir='ltr'>ubi,</span> <span class='ocrx_word' id='word_1_40' title='bbox 1240 732 1283 788; x_wconf 89' lang='lat' dir='ltr'>ut</span> <span class='ocrx_word' id='word_1_41' title='bbox 1297 712 1433 793; x_wconf 74' lang='lat' dir='ltr'>divitiae</span> <span class='ocrx_word' id='word_1_42' title='bbox 1449 738 1524 797; x_wconf 84' lang='lat' dir='ltr'>tuas</span> <span class='ocrx_word' id='word_1_43' title='bbox 1539 721 1711 813; x_wconf 79' lang='lat' dir='ltr'>ostendat,</span> 
     </span>
     <span class='ocr_line' id='line_1_6' title="bbox 166 806 1705 909; baseline -0.006 -6"><span class='ocrx_word' id='word_1_44' title='bbox 166 824 279 903; x_wconf 83' lang='lat' dir='ltr'>tribue</span> <span class='ocrx_word' id='word_1_45' title='bbox 293 846 340 895; x_wconf 82' lang='lat' dir='ltr'>ex</span> <span class='ocrx_word' id='word_1_46' title='bbox 355 815 539 893; x_wconf 80' lang='lat' dir='ltr'>Ciceronis</span> <span class='ocrx_word' id='word_1_47' title='bbox 554 813 638 885; x_wconf 80' lang='lat' dir='ltr'>loos</span> <span class='ocrx_word' id='word_1_48' title='bbox 652 806 757 881; x_wconf 80' lang='lat' dir='ltr'>doces</span> <span class='ocrx_word' id='word_1_49' title='bbox 778 830 906 891; x_wconf 73' lang='lat' dir='ltr'>vinem</span> <span class='ocrx_word' id='word_1_50' title='bbox 925 806 1019 881; x_wconf 80' lang='lat' dir='ltr'>idem</span> <span class='ocrx_word' id='word_1_51' title='bbox 1043 808 1136 901; x_wconf 76' lang='lat' dir='ltr'>olle,</span> <span class='ocrx_word' id='word_1_52' title='bbox 1169 810 1266 909; x_wconf 88' lang='lat' dir='ltr'>quod</span> <span class='ocrx_word' id='word_1_53' title='bbox 1281 819 1451 909; x_wconf 76' lang='lat' dir='ltr'>evincere,</span> <span class='ocrx_word' id='word_1_54' title='bbox 1482 824 1616 895; x_wconf 78' lang='lat' dir='ltr'>obtinere</span> <span class='ocrx_word' id='word_1_55' title='bbox 1633 822 1705 897; x_wconf 74' lang='lat' dir='ltr'>&amp;e</span> 
     </span>
     <span class='ocr_line' id='line_1_7' title="bbox 170 902 1707 1017; baseline -0.009 -20"><span class='ocrx_word' id='word_1_56' title='bbox 170 923 240 1001; x_wconf 87' lang='lat' dir='ltr'>Sed</span> <span class='ocrx_word' id='word_1_57' title='bbox 257 919 377 995; x_wconf 87' lang='lat' dir='ltr'>omnia</span> <span class='ocrx_word' id='word_1_58' title='bbox 396 916 456 990; x_wconf 86' lang='lat' dir='ltr'>illa</span> <span class='ocrx_word' id='word_1_59' title='bbox 469 936 548 989; x_wconf 88' lang='lat' dir='ltr'>meo</span> <span class='ocrx_word' id='word_1_60' title='bbox 564 906 695 981; x_wconf 88' lang='lat' dir='ltr'>indicio</span> <span class='ocrx_word' id='word_1_61' title='bbox 711 902 825 977; x_wconf 79' lang='lat' dir='ltr'>deber.</span> <span class='ocrx_word' id='word_1_62' title='bbox 874 903 977 978; x_wconf 88' lang='lat' dir='ltr'>Nam</span> <span class='ocrx_word' id='word_1_63' title='bbox 999 902 1041 983; x_wconf 86' lang='lat' dir='ltr'>ad</span> <span class='ocrx_word' id='word_1_64' title='bbox 1064 905 1125 980; x_wconf 90' lang='lat' dir='ltr'>lib.</span> <span class='ocrx_word' id='word_1_65' title='bbox 1148 934 1215 981; x_wconf 83' lang='lat' dir='ltr'>var.</span> <span class='ocrx_word' id='word_1_66' title='bbox 1238 934 1315 1009; x_wconf 80' lang='lat' dir='ltr'>cap.</span> <span class='ocrx_word' id='word_1_67' title='bbox 1329 934 1401 1012; x_wconf 80' lang='lat' dir='ltr'>3.p</span> <span class='ocrx_word' id='word_1_68' title='bbox 1448 926 1557 1017; x_wconf 82' lang='lat'><strong>·⁶¹7·</strong></span> <span class='ocrx_word' id='word_1_69' title='bbox 1574 918 1641 993; x_wconf 80' lang='lat' dir='ltr'>Ed,</span> <span class='ocrx_word' id='word_1_70' title='bbox 1658 944 1707 995; x_wconf 77' lang='lat' dir='ltr'>m,</span> 
     </span>
     <span class='ocr_line' id='line_1_8' title="bbox 152 938 1710 1117; baseline 0.001 -26"><span class='ocrx_word' id='word_1_71' title='bbox 152 1022 205 1097; x_wconf 72' lang='lat' dir='ltr'>,dt</span> <span class='ocrx_word' id='word_1_72' title='bbox 224 1046 259 1117; x_wconf 90' lang='lat' dir='ltr'>p.</span> <span class='ocrx_word' id='word_1_73' title='bbox 272 1040 360 1117; x_wconf 81' lang='lat'>431.</span> <span class='ocrx_word' id='word_1_74' title='bbox 375 1022 481 1105; x_wconf 77' lang='lat' dir='ltr'>tuae,</span> <span class='ocrx_word' id='word_1_75' title='bbox 505 1010 600 1082; x_wconf 87' lang='lat' dir='ltr'>idem</span> <span class='ocrx_word' id='word_1_76' title='bbox 613 1008 681 1104; x_wconf 81' lang='lat' dir='ltr'>jam</span> <span class='ocrx_word' id='word_1_77' title='bbox 699 1022 924 1091; x_wconf 81' lang='lat' dir='ltr'>monueram,</span> <span class='ocrx_word' id='word_1_78' title='bbox 945 1000 985 1075; x_wconf 69' lang='grc' dir='ltr'>ἃ</span> <span class='ocrx_word' id='word_1_79' title='bbox 1001 1001 1194 1117; x_wconf 78' lang='lat' dir='ltr'>remiseram</span> <span class='ocrx_word' id='word_1_80' title='bbox 1209 1006 1376 1081; x_wconf 62' lang='lat' dir='ltr'>letiorem</span> <span class='ocrx_word' id='word_1_81' title='bbox 1397 938 1447 1085; x_wconf 48' lang='grc' dir='ltr'>ἕ</span> <span class='ocrx_word' id='word_1_82' title='bbox 1457 1022 1595 1089; x_wconf 76' lang='lat' dir='ltr'>Graevii</span> <span class='ocrx_word' id='word_1_83' title='bbox 1610 1040 1710 1093; x_wconf 88' lang='lat' dir='ltr'>notas</span> 
     </span>
     <span class='ocr_line' id='line_1_9' title="bbox 166 1099 1707 1277; baseline -0.001 -84"><span class='ocrx_word' id='word_1_84' title='bbox 166 1118 212 1193; x_wconf 89' lang='lat' dir='ltr'>ad</span> <span class='ocrx_word' id='word_1_85' title='bbox 228 1118 346 1191; x_wconf 86' lang='lat' dir='ltr'>Cicer.</span> <span class='ocrx_word' id='word_1_86' title='bbox 357 1110 524 1188; x_wconf 85' lang='lat' dir='ltr'>Paradox.</span> <span class='ocrx_word' id='word_1_87' title='bbox 539 1130 587 1180; x_wconf 81' lang='lat' dir='ltr'>tv.</span> <span class='ocrx_word' id='word_1_88' title='bbox 606 1126 713 1202; x_wconf 88' lang='lat' dir='ltr'>quem</span> <span class='ocrx_word' id='word_1_89' title='bbox 738 1102 857 1174; x_wconf 84' lang='lat' dir='ltr'>locum</span> <span class='ocrx_word' id='word_1_90' title='bbox 873 1100 935 1173; x_wconf 87' lang='lat' dir='ltr'>bic</span> <span class='ocrx_word' id='word_1_91' title='bbox 947 1099 1147 1215; x_wconf 81' lang='lat' dir='ltr'>producta,</span> <span class='ocrx_word' id='word_1_92' title='bbox 1170 1104 1210 1177; x_wconf 66' lang='grc' dir='ltr'>ἃ</span> <span class='ocrx_word' id='word_1_93' title='bbox 1221 1128 1266 1179; x_wconf 86' lang='lat' dir='ltr'>ex</span> <span class='ocrx_word' id='word_1_94' title='bbox 1281 1131 1354 1277; x_wconf 68' lang='lat' dir='ltr'>ppei</span> <span class='ocrx_word' id='word_1_95' title='bbox 1368 1112 1460 1183; x_wconf 78' lang='lat' dir='ltr'>notit</span> <span class='ocrx_word' id='word_1_96' title='bbox 1475 1112 1622 1187; x_wconf 85' lang='lat' dir='ltr'>alterurn</span> <span class='ocrx_word' id='word_1_97' title='bbox 1640 1142 1707 1216; x_wconf 86' lang='lat' dir='ltr'>pro</span> 
     </span>
     <span class='ocr_line' id='line_1_10' title="bbox 170 1197 1706 1304; baseline -0.005 -13"><span class='ocrx_word' id='word_1_98' title='bbox 170 1216 338 1291; x_wconf 86' lang='lat' dir='ltr'>Cluentio</span> <span class='ocrx_word' id='word_1_99' title='bbox 352 1210 499 1298; x_wconf 77' lang='lat' dir='ltr'>furans,</span> <span class='ocrx_word' id='word_1_100' title='bbox 523 1226 605 1277; x_wconf 85' lang='lat' dir='ltr'>nam</span> <span class='ocrx_word' id='word_1_101' title='bbox 628 1224 673 1274; x_wconf 84' lang='lat' dir='ltr'>ex</span> <span class='ocrx_word' id='word_1_102' title='bbox 690 1205 829 1272; x_wconf 76' lang='lat' dir='ltr'>sirmio</span> <span class='ocrx_word' id='word_1_103' title='bbox 849 1197 1057 1298; x_wconf 75' lang='lat' dir='ltr'>descripsisse</span> <span class='ocrx_word' id='word_1_104' title='bbox 1072 1220 1188 1298; x_wconf 89' lang='lat' dir='ltr'>patet,</span> <span class='ocrx_word' id='word_1_105' title='bbox 1210 1228 1281 1303; x_wconf 91' lang='lat' dir='ltr'>quo</span> <span class='ocrx_word' id='word_1_106' title='bbox 1322 1228 1429 1304; x_wconf 83' lang='lat' dir='ltr'>caput</span> <span class='ocrx_word' id='word_1_107' title='bbox 1446 1233 1512 1283; x_wconf 91' lang='lat' dir='ltr'>nec</span> <span class='ocrx_word' id='word_1_108' title='bbox 1527 1212 1614 1302; x_wconf 89' lang='lat' dir='ltr'>ille,</span> <span class='ocrx_word' id='word_1_109' title='bbox 1640 1226 1706 1288; x_wconf 82' lang='lat' dir='ltr'>ne‘c</span> 
     </span>
     <span class='ocr_line' id='line_1_11' title="bbox 169 1296 1705 1409; baseline -0.003 -24"><span class='ocrx_word' id='word_1_110' title='bbox 169 1334 208 1385; x_wconf 91' lang='lat' dir='ltr'>tu</span> <span class='ocrx_word' id='word_1_111' title='bbox 232 1304 499 1407; x_wconf 74' lang='lat' dir='ltr'>designaverint.</span> <span class='ocrx_word' id='word_1_112' title='bbox 554 1300 724 1375; x_wconf 84' lang='lat' dir='ltr'>Tertium</span> <span class='ocrx_word' id='word_1_113' title='bbox 753 1296 904 1395; x_wconf 85' lang='lat' dir='ltr'>denique</span> <span class='ocrx_word' id='word_1_114' title='bbox 933 1297 1053 1369; x_wconf 89' lang='lat' dir='ltr'>locum</span> <span class='ocrx_word' id='word_1_115' title='bbox 1077 1323 1122 1372; x_wconf 83' lang='lat' dir='ltr'>ex</span> <span class='ocrx_word' id='word_1_116' title='bbox 1144 1300 1207 1375; x_wconf 89' lang='lat' dir='ltr'>lib.</span> <span class='ocrx_word' id='word_1_117' title='bbox 1227 1326 1277 1375; x_wconf 87' lang='lat' dir='ltr'>xt.</span> <span class='ocrx_word' id='word_1_118' title='bbox 1300 1302 1343 1376; x_wconf 88' lang='lat' dir='ltr'>ad</span> <span class='ocrx_word' id='word_1_119' title='bbox 1371 1306 1468 1379; x_wconf 87' lang='lat' dir='ltr'>Fam.</span> <span class='ocrx_word' id='word_1_120' title='bbox 1490 1309 1558 1409; x_wconf 91' lang='lat' dir='ltr'>Ep.</span> <span class='ocrx_word' id='word_1_121' title='bbox 1579 1310 1637 1385; x_wconf 86' lang='lat'>28.</span> <span class='ocrx_word' id='word_1_122' title='bbox 1659 1336 1705 1386; x_wconf 84' lang='lat' dir='ltr'>ex</span> 
     </span>
     <span class='ocr_line' id='line_1_12' title="bbox 163 1394 1707 1506; baseline 0.001 -27"><span class='ocrx_word' id='word_1_123' title='bbox 163 1411 301 1481; x_wconf 78' lang='lat' dir='ltr'>Graevii</span> <span class='ocrx_word' id='word_1_124' title='bbox 312 1423 397 1478; x_wconf 85' lang='lat' dir='ltr'>nota</span> <span class='ocrx_word' id='word_1_125' title='bbox 409 1400 455 1475; x_wconf 89' lang='lat' dir='ltr'>ad</span> <span class='ocrx_word' id='word_1_126' title='bbox 466 1400 531 1475; x_wconf 89' lang='lat' dir='ltr'>lib.</span> <span class='ocrx_word' id='word_1_127' title='bbox 546 1423 601 1475; x_wconf 84' lang='lat' dir='ltr'>ut.</span> <span class='ocrx_word' id='word_1_128' title='bbox 616 1397 653 1469; x_wconf 93' lang='lat' dir='ltr'>in</span> <span class='ocrx_word' id='word_1_129' title='bbox 663 1394 766 1470; x_wconf 85' lang='lat' dir='ltr'>Verr.</span> <span class='ocrx_word' id='word_1_130' title='bbox 779 1402 836 1469; x_wconf 85' lang='lat'>16.</span> <span class='ocrx_word' id='word_1_131' title='bbox 877 1418 925 1467; x_wconf 90' lang='lat' dir='ltr'>uo</span> <span class='ocrx_word' id='word_1_132' title='bbox 940 1395 1125 1495; x_wconf 80' lang='lat' dir='ltr'>egoetiarn</span> <span class='ocrx_word' id='word_1_133' title='bbox 1137 1398 1329 1473; x_wconf 80' lang='lat' dir='ltr'>remiseram</span> <span class='ocrx_word' id='word_1_134' title='bbox 1343 1399 1531 1499; x_wconf 68' lang='lat' dir='ltr'>ledorem,</span> <span class='ocrx_word' id='word_1_135' title='bbox 1555 1410 1683 1506; x_wconf 89' lang='lat' dir='ltr'>petiisti</span> <span class='ocrx_word' id='word_1_136' title='bbox 1690 1462 1707 1503; x_wconf 87' lang='lat'>,</span> 
     </span>
     <span class='ocr_line' id='line_1_13' title="bbox 155 1490 1709 1601; baseline 0.001 -22"><span class='ocrx_word' id='word_1_137' title='bbox 155 1502 307 1581; x_wconf 78' lang='lat' dir='ltr'>-cmdem</span> <span class='ocrx_word' id='word_1_138' title='bbox 320 1522 357 1577; x_wconf 85' lang='lat' dir='ltr'>te</span> <span class='ocrx_word' id='word_1_139' title='bbox 372 1524 446 1575; x_wconf 84' lang='lat' dir='ltr'>non</span> <span class='ocrx_word' id='word_1_140' title='bbox 458 1497 558 1601; x_wconf 82' lang='lat' dir='ltr'>posse</span> <span class='ocrx_word' id='word_1_141' title='bbox 572 1492 804 1594; x_wconf 81' lang='lat' dir='ltr'>deprehendi,</span> <span class='ocrx_word' id='word_1_142' title='bbox 827 1490 854 1566; x_wconf 81' lang='lat' dir='ltr'>fi</span> <span class='ocrx_word' id='word_1_143' title='bbox 895 1516 941 1566; x_wconf 88' lang='lat' dir='ltr'>oc</span> <span class='ocrx_word' id='word_1_144' title='bbox 953 1494 1062 1569; x_wconf 84' lang='lat' dir='ltr'>modo</span> <span class='ocrx_word' id='word_1_145' title='bbox 1076 1496 1223 1590; x_wconf 82' lang='lat' dir='ltr'>citaret,</span> <span class='ocrx_word' id='word_1_146' title='bbox 1246 1500 1379 1571; x_wconf 83' lang='lat' dir='ltr'>Matius</span> <span class='ocrx_word' id='word_1_147' title='bbox 1393 1504 1448 1573; x_wconf 83' lang='lat' dir='ltr'>lib.</span> <span class='ocrx_word' id='word_1_148' title='bbox 1466 1528 1518 1579; x_wconf 86' lang='lat' dir='ltr'>xr.</span> <span class='ocrx_word' id='word_1_149' title='bbox 1535 1508 1581 1577; x_wconf 83' lang='lat' dir='ltr'>ad</span> <span class='ocrx_word' id='word_1_150' title='bbox 1594 1514 1709 1581; x_wconf 77' lang='lat' dir='ltr'>famil.</span> 
     </span>
     <span class='ocr_line' id='line_1_14' title="bbox 167 1589 1707 1697; baseline 0.002 -21"><span class='ocrx_word' id='word_1_151' title='bbox 167 1609 229 1697; x_wconf 77' lang='lat' dir='ltr'>Ep.</span> <span class='ocrx_word' id='word_1_152' title='bbox 246 1604 304 1676; x_wconf 87' lang='lat'>28.</span> <span class='ocrx_word' id='word_1_153' title='bbox 352 1600 461 1675; x_wconf 82' lang='lat' dir='ltr'>utrile</span> <span class='ocrx_word' id='word_1_154' title='bbox 475 1616 571 1670; x_wconf 84' lang='lat' dir='ltr'>certe</span> <span class='ocrx_word' id='word_1_155' title='bbox 583 1593 846 1682; x_wconf 75' lang='lat' dir='ltr'>velamentum,</span> <span class='ocrx_word' id='word_1_156' title='bbox 878 1589 941 1665; x_wconf 90' lang='lat' dir='ltr'>sub</span> <span class='ocrx_word' id='word_1_157' title='bbox 954 1616 1027 1689; x_wconf 88' lang='lat' dir='ltr'>quo</span> <span class='ocrx_word' id='word_1_158' title='bbox 1047 1613 1084 1665; x_wconf 90' lang='lat' dir='ltr'>te</span> <span class='ocrx_word' id='word_1_159' title='bbox 1097 1592 1202 1666; x_wconf 88' lang='lat' dir='ltr'>latere</span> <span class='ocrx_word' id='word_1_160' title='bbox 1224 1595 1319 1693; x_wconf 78' lang='lat' dir='ltr'>poue</span> <span class='ocrx_word' id='word_1_161' title='bbox 1335 1594 1454 1695; x_wconf 88' lang='lat' dir='ltr'>speres.</span> <span class='ocrx_word' id='word_1_162' title='bbox 1505 1605 1649 1677; x_wconf 87' lang='lat' dir='ltr'>Annon</span> <span class='ocrx_word' id='word_1_163' title='bbox 1668 1605 1707 1679; x_wconf 83' lang='lat' dir='ltr'>dt</span> 
     </span>
     <span class='ocr_line' id='line_1_15' title="bbox 168 1687 1705 1871; baseline 0.004 -100"><span class='ocrx_word' id='word_1_164' title='bbox 168 1701 309 1775; x_wconf 88' lang='lat' dir='ltr'>chartae</span> <span class='ocrx_word' id='word_1_165' title='bbox 326 1697 498 1871; x_wconf 43' lang='lat' dir='ltr'>mitigeri</span> <span class='ocrx_word' id='word_1_166' title='bbox 511 1692 639 1769; x_wconf 72' lang='lat' dir='ltr'>tostius</span> <span class='ocrx_word' id='word_1_167' title='bbox 653 1687 893 1783; x_wconf 74' lang='lat' dir='ltr'>consuluisset,</span> <span class='ocrx_word' id='word_1_168' title='bbox 915 1689 944 1764; x_wconf 82' lang='lat' dir='ltr'>fi</span> <span class='ocrx_word' id='word_1_169' title='bbox 959 1688 1003 1763; x_wconf 86' lang='lat' dir='ltr'>ad</span> <span class='ocrx_word' id='word_1_170' title='bbox 1017 1713 1132 1763; x_wconf 86' lang='lat' dir='ltr'>meam</span> <span class='ocrx_word' id='word_1_171' title='bbox 1144 1690 1238 1771; x_wconf 82' lang='lat' dir='ltr'>illam</span> <span class='ocrx_word' id='word_1_172' title='bbox 1250 1713 1371 1769; x_wconf 89' lang='lat' dir='ltr'>notam</span> <span class='ocrx_word' id='word_1_173' title='bbox 1388 1721 1460 1771; x_wconf 89' lang='lat' dir='ltr'>uno</span> <span class='ocrx_word' id='word_1_174' title='bbox 1474 1701 1582 1775; x_wconf 81' lang='lat' dir='ltr'>verbo</span> <span class='ocrx_word' id='word_1_175' title='bbox 1597 1702 1705 1777; x_wconf 67' lang='lat' dir='ltr'>letto·</span> 
     </span>
    </p>

    <p class='ocr_par' dir='ltr' id='par_1_5' title="bbox 158 1818 1867 2875">
     <span class='ocr_line' id='line_1_16' title="bbox 236 1818 835 1871; baseline 0.007 -4"><span class='ocrx_word' id='word_1_176' title='bbox 236 1820 348 1870; x_wconf 77' lang='lat' dir='ltr'>remit</span> <span class='ocrx_word' id='word_1_177' title='bbox 376 1820 413 1871; x_wconf 81' lang='lat' dir='ltr'>es</span> <span class='ocrx_word' id='word_1_178' title='bbox 634 1818 638 1825; x_wconf 89' lang='lat'>·</span> <span class='ocrx_word' id='word_1_179' title='bbox 830 1818 835 1849; x_wconf 75' lang='lat'>³</span> 
     </span>
     <span class='ocr_line' id='line_1_17' title="bbox 167 1820 1867 1994; baseline 0.004 -27"><span class='ocrx_word' id='word_1_180' title='bbox 167 1820 351 1969; x_wconf 61' lang='lat' dir='ltr'>retSatifine</span> <span class='ocrx_word' id='word_1_181' title='bbox 359 1899 432 1994; x_wconf 75' lang='lat' dir='ltr'>J&#39;am</span> <span class='ocrx_word' id='word_1_182' title='bbox 447 1897 515 1969; x_wconf 81' lang='lat' dir='ltr'>vici</span> <span class='ocrx_word' id='word_1_183' title='bbox 526 1942 541 1983; x_wconf 87' lang='lat'>‚</span> <span class='ocrx_word' id='word_1_184' title='bbox 572 1887 861 1987; x_wconf 87' lang='lat' dir='ltr'>Capperonneri,</span> <span class='ocrx_word' id='word_1_185' title='bbox 899 1904 936 1959; x_wconf 84' lang='lat' dir='ltr'>te</span> <span class='ocrx_word' id='word_1_186' title='bbox 949 1884 1185 1987; x_wconf 84' lang='lat' dir='ltr'>Plagiarium,</span> <span class='ocrx_word' id='word_1_187' title='bbox 1218 1888 1258 1961; x_wconf 80' lang='lat' dir='ltr'>dt</span> <span class='ocrx_word' id='word_1_188' title='bbox 1272 1890 1414 1990; x_wconf 84' lang='lat' dir='ltr'>quidem</span> <span class='ocrx_word' id='word_1_189' title='bbox 1428 1893 1520 1966; x_wconf 88' lang='lat' dir='ltr'>hand</span> <span class='ocrx_word' id='word_1_190' title='bbox 1534 1894 1706 1973; x_wconf 87' lang='lat' dir='ltr'>sollertem</span> <span class='ocrx_word' id='word_1_191' title='bbox 1863 1882 1867 1889; x_wconf 41' lang='lat'>¹</span> 
     </span>
     <span class='ocr_line' id='line_1_18' title="bbox 168 1981 1708 2094; baseline 0.002 -26"><span class='ocrx_word' id='word_1_192' title='bbox 168 1991 356 2069; x_wconf 78' lang='lat' dir='ltr'>admodum</span> <span class='ocrx_word' id='word_1_193' title='bbox 374 1992 463 2083; x_wconf 82' lang='lat' dir='ltr'>else,</span> <span class='ocrx_word' id='word_1_194' title='bbox 476 1990 538 2087; x_wconf 87' lang='lat' dir='ltr'>qui</span> <span class='ocrx_word' id='word_1_195' title='bbox 551 2011 625 2059; x_wconf 93' lang='lat' dir='ltr'>non</span> <span class='ocrx_word' id='word_1_196' title='bbox 640 2004 741 2059; x_wconf 83' lang='lat' dir='ltr'>extra</span> <span class='ocrx_word' id='word_1_197' title='bbox 754 1983 840 2057; x_wconf 80' lang='lat' dir='ltr'>finer</span> <span class='ocrx_word' id='word_1_198' title='bbox 854 1981 931 2057; x_wconf 89' lang='lat' dir='ltr'>libri</span> <span class='ocrx_word' id='word_1_199' title='bbox 946 1986 1025 2079; x_wconf 88' lang='lat' dir='ltr'>tui,</span> <span class='ocrx_word' id='word_1_200' title='bbox 1039 1985 1095 2059; x_wconf 89' lang='lat' dir='ltr'>sed</span> <span class='ocrx_word' id='word_1_201' title='bbox 1109 1986 1145 2057; x_wconf 90' lang='lat' dir='ltr'>in</span> <span class='ocrx_word' id='word_1_202' title='bbox 1161 1985 1369 2087; x_wconf 81' lang='lat' dir='ltr'>ipsos,quos</span> <span class='ocrx_word' id='word_1_203' title='bbox 1385 1990 1507 2065; x_wconf 76' lang='lat' dir='ltr'>leeiori</span> <span class='ocrx_word' id='word_1_204' title='bbox 1518 1992 1628 2094; x_wconf 78' lang='lat' dir='ltr'>sagaci</span> <span class='ocrx_word' id='word_1_205' title='bbox 1645 2022 1708 2071; x_wconf 85' lang='lat' dir='ltr'>ex-</span> 
     </span>
     <span class='ocr_line' id='line_1_19' title="bbox 168 2081 1708 2192; baseline 0.003 -27"><span class='ocrx_word' id='word_1_206' title='bbox 168 2084 658 2181; x_wconf 80' lang='lat' dir='ltr'>biber,notaruminFabium</span> <span class='ocrx_word' id='word_1_207' title='bbox 677 2081 1201 2174; x_wconf 73' lang='lat' dir='ltr'>mumauteom,12trocinium</span> <span class='ocrx_word' id='word_1_208' title='bbox 1218 2088 1551 2180; x_wconf 83' lang='lat' dir='ltr'>exerces,&amp;eorum</span> <span class='ocrx_word' id='word_1_209' title='bbox 1569 2098 1708 2192; x_wconf 80' lang='lat' dir='ltr'>expost-</span> 
     </span>
     <span class='ocr_line' id='line_1_20' title="bbox 158 2179 1707 2285; baseline 0.001 -22"><span class='ocrx_word' id='word_1_210' title='bbox 158 2210 221 2265; x_wconf 76' lang='lat' dir='ltr'>tas</span> <span class='ocrx_word' id='word_1_211' title='bbox 233 2188 398 2263; x_wconf 70' lang='lat' dir='ltr'>omnibus</span> <span class='ocrx_word' id='word_1_212' title='bbox 412 2208 497 2285; x_wconf 84' lang='lat' dir='ltr'>oper</span> <span class='ocrx_word' id='word_1_213' title='bbox 506 2183 654 2283; x_wconf 79' lang='lat' dir='ltr'>expilat.</span> <span class='ocrx_word' id='word_1_214' title='bbox 679 2180 827 2261; x_wconf 65' lang='lat' dir='ltr'>Tadius</span> <span class='ocrx_word' id='word_1_215' title='bbox 838 2179 1027 2273; x_wconf 69' lang='lat' dir='ltr'>ditaberis,</span> <span class='ocrx_word' id='word_1_216' title='bbox 1041 2181 1080 2255; x_wconf 79' lang='lat' dir='ltr'>dt</span> <span class='ocrx_word' id='word_1_217' title='bbox 1092 2206 1145 2255; x_wconf 80' lang='lat' dir='ltr'>tet</span> <span class='ocrx_word' id='word_1_218' title='bbox 1161 2183 1226 2257; x_wconf 91' lang='lat' dir='ltr'>tibi</span> <span class='ocrx_word' id='word_1_219' title='bbox 1240 2185 1428 2260; x_wconf 87' lang='lat' dir='ltr'>inFrancia</span> <span class='ocrx_word' id='word_1_220' title='bbox 1446 2189 1567 2262; x_wconf 86' lang='lat' dir='ltr'>melius</span> <span class='ocrx_word' id='word_1_221' title='bbox 1588 2192 1707 2266; x_wconf 87' lang='lat' dir='ltr'>succe·</span> 
     </span>
     <span class='ocr_line' id='line_1_21' title="bbox 165 2276 1709 2393; baseline 0.003 -32"><span class='ocrx_word' id='word_1_222' title='bbox 165 2284 250 2379; x_wconf 86' lang='lat' dir='ltr'>det,</span> <span class='ocrx_word' id='word_1_223' title='bbox 274 2285 302 2361; x_wconf 79' lang='lat' dir='ltr'>ri</span> <span class='ocrx_word' id='word_1_224' title='bbox 318 2288 379 2361; x_wconf 91' lang='lat' dir='ltr'>hic</span> <span class='ocrx_word' id='word_1_225' title='bbox 393 2285 430 2359; x_wconf 80' lang='lat' dir='ltr'>dt</span> <span class='ocrx_word' id='word_1_226' title='bbox 447 2276 578 2377; x_wconf 75' lang='lat' dir='ltr'>illic&#39;err¹</span> <span class='ocrx_word' id='word_1_227' title='bbox 591 2279 718 2393; x_wconf 78' lang='lat' dir='ltr'>talibus</span> <span class='ocrx_word' id='word_1_228' title='bbox 733 2279 878 2378; x_wconf 88' lang='lat' dir='ltr'>posthac</span> <span class='ocrx_word' id='word_1_229' title='bbox 894 2276 1080 2391; x_wconf 56' lang='lat' dir='ltr'>‘lfbesouris</span> <span class='ocrx_word' id='word_1_230' title='bbox 1095 2280 1163 2355; x_wconf 84' lang='lat' dir='ltr'>sive</span> <span class='ocrx_word' id='word_1_231' title='bbox 1179 2283 1323 2356; x_wconf 83' lang='lat' dir='ltr'>Lexicis</span> <span class='ocrx_word' id='word_1_232' title='bbox 1339 2284 1468 2384; x_wconf 87' lang='lat' dir='ltr'>aliquid</span> <span class='ocrx_word' id='word_1_233' title='bbox 1482 2287 1517 2359; x_wconf 90' lang='lat' dir='ltr'>in</span> <span class='ocrx_word' id='word_1_234' title='bbox 1533 2306 1612 2362; x_wconf 89' lang='lat' dir='ltr'>tuos</span> <span class='ocrx_word' id='word_1_235' title='bbox 1630 2290 1709 2365; x_wconf 91' lang='lat' dir='ltr'>usus</span> 
     </span>
     <span class='ocr_line' id='line_1_22' title="bbox 162 2376 1706 2581; baseline 0.001 -24"><span class='ocrx_word' id='word_1_236' title='bbox 162 2384 465 2557; x_wconf 52' lang='lat' dir='ltr'>§.irruit</span> <span class='ocrx_word' id='word_1_237' title='bbox 480 2376 1706 2581; x_wconf 55' lang='lat' dir='ltr'>tirtel¹tsterilitrlllglstltl‘zltll?·,sl</span> 
     </span>
     <span class='ocr_line' id='line_1_23' title="bbox 169 2572 1708 2680; baseline 0.001 -27"><span class='ocrx_word' id='word_1_238' title='bbox 169 2578 276 2653; x_wconf 81' lang='lat' dir='ltr'>nraffo</span> <span class='ocrx_word' id='word_1_239' title='bbox 291 2580 354 2653; x_wconf 88' lang='lat' dir='ltr'>illo</span> <span class='ocrx_word' id='word_1_240' title='bbox 375 2578 413 2651; x_wconf 79' lang='lat' dir='ltr'>dt</span> <span class='ocrx_word' id='word_1_241' title='bbox 433 2574 642 2651; x_wconf 71' lang='lat' dir='ltr'>inerarrabili</span> <span class='ocrx_word' id='word_1_242' title='bbox 660 2575 759 2647; x_wconf 77' lang='lat' dir='ltr'>Fabri</span> <span class='ocrx_word' id='word_1_243' title='bbox 772 2572 977 2665; x_wconf 70' lang='lat' dir='ltr'>Thesauro,</span> <span class='ocrx_word' id='word_1_244' title='bbox 993 2574 1153 2649; x_wconf 77' lang='lat' dir='ltr'>Bucbrrari</span> <span class='ocrx_word' id='word_1_245' title='bbox 1166 2576 1204 2649; x_wconf 72' lang='grc' dir='ltr'>δε</span> <span class='ocrx_word' id='word_1_246' title='bbox 1222 2578 1357 2649; x_wconf 77' lang='lat' dir='ltr'>cellarii</span> <span class='ocrx_word' id='word_1_247' title='bbox 1370 2577 1534 2651; x_wconf 86' lang='lat' dir='ltr'>industria</span> <span class='ocrx_word' id='word_1_248' title='bbox 1550 2580 1708 2680; x_wconf 90' lang='lat' dir='ltr'>locuple-</span> 
     </span>
     <span class='ocr_line' id='line_1_24' title="bbox 169 2668 1709 2776; baseline 0.003 -27"><span class='ocrx_word' id='word_1_249' title='bbox 169 2696 273 2769; x_wconf 80' lang='lat' dir='ltr'>tato,</span> <span class='ocrx_word' id='word_1_250' title='bbox 308 2701 413 2776; x_wconf 86' lang='lat' dir='ltr'>quem</span> <span class='ocrx_word' id='word_1_251' title='bbox 434 2674 622 2749; x_wconf 78' lang='lat' dir='ltr'>Germanis</span> <span class='ocrx_word' id='word_1_252' title='bbox 646 2668 853 2771; x_wconf 83' lang='lat' dir='ltr'>stupidis&amp;</span> <span class='ocrx_word' id='word_1_253' title='bbox 875 2670 1058 2745; x_wconf 83' lang='lat' dir='ltr'>hebetibus</span> <span class='ocrx_word' id='word_1_254' title='bbox 1087 2670 1263 2770; x_wconf 75' lang='lat' dir='ltr'>relinquit.</span> <span class='ocrx_word' id='word_1_255' title='bbox 1312 2672 1483 2749; x_wconf 79' lang='lat' dir='ltr'>Profuisse</span> <span class='ocrx_word' id='word_1_256' title='bbox 1505 2696 1621 2753; x_wconf 87' lang='lat' dir='ltr'>tamen</span> <span class='ocrx_word' id='word_1_257' title='bbox 1642 2682 1709 2756; x_wconf 88' lang='lat' dir='ltr'>tibi</span> 
     </span>
     <span class='ocr_line' id='line_1_25' title="bbox 167 2767 1515 2875; baseline -0.005 -24"><span class='ocrx_word' id='word_1_258' title='bbox 167 2776 263 2875; x_wconf 85' lang='lat' dir='ltr'>saepe</span> <span class='ocrx_word' id='word_1_259' title='bbox 277 2778 403 2850; x_wconf 90' lang='lat' dir='ltr'>horum</span> <span class='ocrx_word' id='word_1_260' title='bbox 417 2773 480 2848; x_wconf 82' lang='lat' dir='ltr'>sub</span> <span class='ocrx_word' id='word_1_261' title='bbox 496 2770 600 2845; x_wconf 89' lang='lat' dir='ltr'>denso</span> <span class='ocrx_word' id='word_1_262' title='bbox 613 2772 691 2843; x_wconf 70' lang='lat' dir='ltr'>aere</span> <span class='ocrx_word' id='word_1_263' title='bbox 702 2787 865 2851; x_wconf 77' lang='lat' dir='ltr'>natorum</span> <span class='ocrx_word' id='word_1_264' title='bbox 877 2767 1015 2843; x_wconf 73' lang='lat' dir='ltr'>sudores</span> <span class='ocrx_word' id='word_1_265' title='bbox 1027 2768 1085 2842; x_wconf 89' lang='lat' dir='ltr'>col</span> <span class='ocrx_word' id='word_1_266' title='bbox 1146 2772 1156 2843; x_wconf 93' lang='lat' dir='ltr'>i</span> <span class='ocrx_word' id='word_1_267' title='bbox 1171 2796 1242 2843; x_wconf 93' lang='lat' dir='ltr'>non</span> <span class='ocrx_word' id='word_1_268' title='bbox 1256 2773 1354 2849; x_wconf 80' lang='lat' dir='ltr'>vanis</span> <span class='ocrx_word' id='word_1_269' title='bbox 1369 2772 1515 2846; x_wconf 85' lang='lat' dir='ltr'>indiciis.</span> 
     </span>
    </p>

    <p class='ocr_par' dir='ltr' id='par_1_6' title="bbox 153 2865 1820 4737">
     <span class='ocr_line' id='line_1_26' title="bbox 216 2865 1820 2973; baseline 0.002 -27"><span class='ocrx_word' id='word_1_270' title='bbox 216 2878 303 2971; x_wconf 87' lang='lat' dir='ltr'>Pag.</span> <span class='ocrx_word' id='word_1_271' title='bbox 319 2894 402 2971; x_wconf 81' lang='lat'><em>430.</em></span> <span class='ocrx_word' id='word_1_272' title='bbox 416 2898 451 2945; x_wconf 87' lang='lat' dir='ltr'>n.</span> <span class='ocrx_word' id='word_1_273' title='bbox 466 2869 524 2966; x_wconf 86' lang='lat'>58.</span> <span class='ocrx_word' id='word_1_274' title='bbox 540 2865 762 2967; x_wconf 88' lang='lat' dir='ltr'>impudenter</span> <span class='ocrx_word' id='word_1_275' title='bbox 777 2868 865 2939; x_wconf 86' lang='lat' dir='ltr'>mihi</span> <span class='ocrx_word' id='word_1_276' title='bbox 884 2868 973 2938; x_wconf 86' lang='lat' dir='ltr'>visus</span> <span class='ocrx_word' id='word_1_277' title='bbox 989 2890 1051 2954; x_wconf 83' lang='lat' dir='ltr'>es,</span> <span class='ocrx_word' id='word_1_278' title='bbox 1077 2890 1119 2939; x_wconf 90' lang='lat' dir='ltr'>ve</span> <span class='ocrx_word' id='word_1_279' title='bbox 1150 2867 1272 2959; x_wconf 85' lang='lat' dir='ltr'>Fabri,</span> <span class='ocrx_word' id='word_1_280' title='bbox 1297 2869 1353 2942; x_wconf 91' lang='lat' dir='ltr'>vel</span> <span class='ocrx_word' id='word_1_281' title='bbox 1367 2869 1616 2973; x_wconf 70' lang='lat' dir='ltr'>cujuscumque</span> <span class='ocrx_word' id='word_1_282' title='bbox 1631 2874 1704 2950; x_wconf 90' lang='lat' dir='ltr'>Le·</span> <span class='ocrx_word' id='word_1_283' title='bbox 1811 2870 1820 2889; x_wconf 84' lang='grc'><strong>”</strong></span> 
     </span>
     <span class='ocr_line' id='line_1_27' title="bbox 164 2962 1705 3070; baseline 0.015 -45"><span class='ocrx_word' id='word_1_284' title='bbox 164 2971 231 3044; x_wconf 52' lang='lat' dir='ltr'>,jc</span> <span class='ocrx_word' id='word_1_285' title='bbox 281 2968 375 3066; x_wconf 72' lang='lat' dir='ltr'>taphi</span> <span class='ocrx_word' id='word_1_286' title='bbox 402 2976 628 3066; x_wconf 67' lang='lat' dir='ltr'>(namgenus</span> <span class='ocrx_word' id='word_1_287' title='bbox 648 2963 735 3037; x_wconf 89' lang='lat' dir='ltr'>illud</span> <span class='ocrx_word' id='word_1_288' title='bbox 749 2962 898 3037; x_wconf 81' lang='lat' dir='ltr'>lixartun&#39;</span> <span class='ocrx_word' id='word_1_289' title='bbox 920 2962 1134 3039; x_wconf 80' lang='lat' dir='ltr'>musicorum</span> <span class='ocrx_word' id='word_1_290' title='bbox 1155 2963 1274 3040; x_wconf 84' lang='lat' dir='ltr'>secute</span> <span class='ocrx_word' id='word_1_291' title='bbox 1295 2966 1428 3066; x_wconf 86' lang='lat' dir='ltr'>semper</span> <span class='ocrx_word' id='word_1_292' title='bbox 1448 2971 1581 3070; x_wconf 80' lang='lat' dir='ltr'>priores</span> <span class='ocrx_word' id='word_1_293' title='bbox 1603 2999 1705 3047; x_wconf 89' lang='lat' dir='ltr'>com·</span> 
     </span>
     <span class='ocr_line' id='line_1_28' title="bbox 164 2994 1756 3167; baseline 0.004 -30"><span class='ocrx_word' id='word_1_294' title='bbox 164 2994 327 3166; x_wconf 45' lang='lat' dir='ltr'>pilabdin</span> <span class='ocrx_word' id='word_1_295' title='bbox 339 3085 420 3139; x_wconf 81' lang='lat' dir='ltr'>tuoe</span> <span class='ocrx_word' id='word_1_296' title='bbox 432 3064 511 3139; x_wconf 77' lang='lat' dir='ltr'>usur</span> <span class='ocrx_word' id='word_1_297' title='bbox 522 3062 680 3153; x_wconf 77' lang='lat' dir='ltr'>uertisse,</span> <span class='ocrx_word' id='word_1_298' title='bbox 697 3061 732 3134; x_wconf 89' lang='lat' dir='ltr'>in</span> <span class='ocrx_word' id='word_1_299' title='bbox 752 3056 986 3159; x_wconf 83' lang='lat' dir='ltr'>explicatione</span> <span class='ocrx_word' id='word_1_300' title='bbox 999 3062 1097 3137; x_wconf 85' lang='lat' dir='ltr'>vocis</span> <span class='ocrx_word' id='word_1_301' title='bbox 1113 3066 1302 3160; x_wconf 79' lang='lat' dir='ltr'>Ciarigatir.</span> <span class='ocrx_word' id='word_1_302' title='bbox 1334 3066 1452 3141; x_wconf 88' lang='lat' dir='ltr'>Video</span> <span class='ocrx_word' id='word_1_303' title='bbox 1470 3069 1534 3142; x_wconf 92' lang='lat' dir='ltr'>tibi</span> <span class='ocrx_word' id='word_1_304' title='bbox 1553 3088 1706 3167; x_wconf 84' lang='lat' dir='ltr'>paratam</span> <span class='ocrx_word' id='word_1_305' title='bbox 1752 3078 1756 3085; x_wconf 90' lang='lat'>&#39;</span> 
     </span>
     <span class='ocr_line' id='line_1_29' title="bbox 158 3157 1707 3265; baseline 0.002 -26"><span class='ocrx_word' id='word_1_306' title='bbox 158 3162 357 3263; x_wconf 79' lang='lat' dir='ltr'>effugimdi</span> <span class='ocrx_word' id='word_1_307' title='bbox 372 3164 565 3252; x_wconf 78' lang='lat' dir='ltr'>rationem,</span> <span class='ocrx_word' id='word_1_308' title='bbox 582 3159 609 3233; x_wconf 88' lang='lat' dir='ltr'>si</span> <span class='ocrx_word' id='word_1_309' title='bbox 625 3157 721 3232; x_wconf 74' lang='lat' dir='ltr'>fateri</span> <span class='ocrx_word' id='word_1_310' title='bbox 734 3159 818 3232; x_wconf 81' lang='lat' dir='ltr'>velia</span> <span class='ocrx_word' id='word_1_311' title='bbox 833 3178 869 3231; x_wconf 95' lang='lat' dir='ltr'>te</span> <span class='ocrx_word' id='word_1_312' title='bbox 882 3160 1001 3257; x_wconf 78' lang='lat' dir='ltr'>potius</span> <span class='ocrx_word' id='word_1_313' title='bbox 1016 3161 1192 3233; x_wconf 76' lang='lat' dir='ltr'>auxiliaret</span> <span class='ocrx_word' id='word_1_314' title='bbox 1206 3182 1251 3232; x_wconf 86' lang='lat' dir='ltr'>ex</span> <span class='ocrx_word' id='word_1_315' title='bbox 1265 3162 1413 3255; x_wconf 78' lang='lat' dir='ltr'>Stephani</span> <span class='ocrx_word' id='word_1_316' title='bbox 1427 3163 1609 3240; x_wconf 88' lang='lat' dir='ltr'>Thesauro</span> <span class='ocrx_word' id='word_1_317' title='bbox 1625 3180 1639 3265; x_wconf 94' lang='lat'>(</span> <span class='ocrx_word' id='word_1_318' title='bbox 1647 3172 1707 3242; x_wconf 90' lang='lat' dir='ltr'>cui</span> 
     </span>
     <span class='ocr_line' id='line_1_30' title="bbox 166 3254 1707 3367; baseline 0.001 -31"><span class='ocrx_word' id='word_1_319' title='bbox 166 3261 413 3362; x_wconf 88' lang='lat' dir='ltr'>locupletando</span> <span class='ocrx_word' id='word_1_320' title='bbox 430 3285 515 3334; x_wconf 88' lang='lat' dir='ltr'>cum</span> <span class='ocrx_word' id='word_1_321' title='bbox 531 3258 683 3333; x_wconf 80' lang='lat' dir='ltr'>maxime</span> <span class='ocrx_word' id='word_1_322' title='bbox 705 3255 856 3345; x_wconf 86' lang='lat' dir='ltr'>laboras)</span> <span class='ocrx_word' id='word_1_323' title='bbox 881 3254 1095 3335; x_wconf 80' lang='lat' dir='ltr'>conduxisse.</span> <span class='ocrx_word' id='word_1_324' title='bbox 1144 3258 1242 3331; x_wconf 89' lang='lat' dir='ltr'>Nam</span> <span class='ocrx_word' id='word_1_325' title='bbox 1261 3257 1336 3357; x_wconf 85' lang='lat' dir='ltr'>&amp;p</span> <span class='ocrx_word' id='word_1_326' title='bbox 1385 3282 1493 3363; x_wconf 77' lang='lat'><em>.453.</em></span> <span class='ocrx_word' id='word_1_327' title='bbox 1513 3288 1546 3338; x_wconf 91' lang='lat' dir='ltr'>n.</span> <span class='ocrx_word' id='word_1_328' title='bbox 1567 3286 1600 3362; x_wconf 81' lang='lat'>5.</span> <span class='ocrx_word' id='word_1_329' title='bbox 1623 3293 1707 3367; x_wconf 80' lang='lat' dir='ltr'>pro·</span> 
     </span>
     <span class='ocr_line' id='line_1_31' title="bbox 163 3353 1705 3455; baseline 0.005 -22"><span class='ocrx_word' id='word_1_330' title='bbox 163 3360 250 3433; x_wconf 79' lang='lat' dir='ltr'>bare</span> <span class='ocrx_word' id='word_1_331' title='bbox 262 3360 426 3433; x_wconf 80' lang='lat' dir='ltr'>omnibus</span> <span class='ocrx_word' id='word_1_332' title='bbox 442 3358 542 3431; x_wconf 82' lang='lat' dir='ltr'>facile</span> <span class='ocrx_word' id='word_1_333' title='bbox 556 3357 712 3453; x_wconf 85' lang='lat' dir='ltr'>poteris,</span> <span class='ocrx_word' id='word_1_334' title='bbox 738 3375 774 3428; x_wconf 89' lang='lat' dir='ltr'>te</span> <span class='ocrx_word' id='word_1_335' title='bbox 786 3374 937 3455; x_wconf 87' lang='lat' dir='ltr'>quatuor</span> <span class='ocrx_word' id='word_1_336' title='bbox 955 3353 1138 3448; x_wconf 76' lang='lat' dir='ltr'>illelom,</span> <span class='ocrx_word' id='word_1_337' title='bbox 1163 3380 1251 3455; x_wconf 88' lang='lat' dir='ltr'>quae</span> <span class='ocrx_word' id='word_1_338' title='bbox 1271 3380 1317 3431; x_wconf 87' lang='lat' dir='ltr'>ex</span> <span class='ocrx_word' id='word_1_339' title='bbox 1374 3415 1382 3431; x_wconf 87' lang='lat'><strong>.</strong></span> <span class='ocrx_word' id='word_1_340' title='bbox 1401 3360 1561 3436; x_wconf 90' lang='lat' dir='ltr'>Livio&amp;</span> <span class='ocrx_word' id='word_1_341' title='bbox 1578 3364 1705 3440; x_wconf 84' lang='lat' dir='ltr'>Sueto·</span> 
     </span>
     <span class='ocr_line' id='line_1_32' title="bbox 162 3452 1707 3555; baseline 0.001 -21"><span class='ocrx_word' id='word_1_342' title='bbox 162 3459 231 3534; x_wconf 79' lang='lat' dir='ltr'>nio</span> <span class='ocrx_word' id='word_1_343' title='bbox 247 3458 384 3549; x_wconf 83' lang='lat' dir='ltr'>adfers,</span> <span class='ocrx_word' id='word_1_344' title='bbox 416 3454 461 3529; x_wconf 90' lang='lat' dir='ltr'>de</span> <span class='ocrx_word' id='word_1_345' title='bbox 480 3452 651 3531; x_wconf 82' lang='lat' dir='ltr'>notiffirna</span> <span class='ocrx_word' id='word_1_346' title='bbox 676 3455 938 3553; x_wconf 80' lang='lat' dir='ltr'>praepositionis</span> <span class='ocrx_word' id='word_1_347' title='bbox 948 3456 1047 3550; x_wconf 78' lang='lat' dir='ltr'>saper</span> <span class='ocrx_word' id='word_1_348' title='bbox 1068 3478 1134 3551; x_wconf 90' lang='lat' dir='ltr'>pro</span> <span class='ocrx_word' id='word_1_349' title='bbox 1151 3472 1283 3549; x_wconf 80' lang='lat' dir='ltr'>praeter</span> <span class='ocrx_word' id='word_1_350' title='bbox 1301 3454 1586 3555; x_wconf 84' lang='lat' dir='ltr'>significatione,</span> <span class='ocrx_word' id='word_1_351' title='bbox 1619 3461 1707 3536; x_wconf 86' lang='lat' dir='ltr'>licet</span> 
     </span>
     <span class='ocr_line' id='line_1_33' title="bbox 159 3549 1707 3737; baseline 0.001 -9"><span class='ocrx_word' id='word_1_352' title='bbox 159 3553 674 3729; x_wconf 48' lang='lat' dir='ltr'>armamentis</span> <span class='ocrx_word' id='word_1_353' title='bbox 689 3549 1707 3737; x_wconf 55' lang='lat' dir='ltr'>llllmenstruatarumtle</span> 
     </span>
     <span class='ocr_line' id='line_1_34' title="bbox 155 3678 1701 3847; baseline 0.001 -20"><span class='ocrx_word' id='word_1_354' title='bbox 155 3714 304 3829; x_wconf 36' lang='lat' dir='ltr'>:seodme</span> <span class='ocrx_word' id='word_1_355' title='bbox 316 3750 389 3837; x_wconf 78' lang='lat' dir='ltr'>tibi‘</span> <span class='ocrx_word' id='word_1_356' title='bbox 399 3772 560 3847; x_wconf 84' lang='lat' dir='ltr'>paratum</span> <span class='ocrx_word' id='word_1_357' title='bbox 582 3700 695 3822; x_wconf 55' lang='lat' dir='ltr'>erit,</span> <span class='ocrx_word' id='word_1_358' title='bbox 722 3764 725 3769; x_wconf 83' lang='lat'>&#39;</span> <span class='ocrx_word' id='word_1_359' title='bbox 796 3798 810 3840; x_wconf 88' lang='lat'>,</span> <span class='ocrx_word' id='word_1_360' title='bbox 840 3747 970 3823; x_wconf 81' lang='lat' dir='ltr'>dhone</span> <span class='ocrx_word' id='word_1_361' title='bbox 995 3746 1034 3821; x_wconf 88' lang='lat'>&amp;</span> <span class='ocrx_word' id='word_1_362' title='bbox 1057 3749 1200 3823; x_wconf 89' lang='lat' dir='ltr'>minime</span> <span class='ocrx_word' id='word_1_363' title='bbox 1221 3748 1305 3823; x_wconf 77' lang='lat' dir='ltr'>suni</span> <span class='ocrx_word' id='word_1_364' title='bbox 1330 3748 1498 3826; x_wconf 81' lang='lat' dir='ltr'>maniscsli</span> <span class='ocrx_word' id='word_1_365' title='bbox 1515 3678 1701 3830; x_wconf 56' lang='lat' dir='ltr'>didmula·</span> 
     </span>
     <span class='ocr_line' id='line_1_35' title="bbox 164 3846 1699 3951; baseline 0.003 -29"><span class='ocrx_word' id='word_1_366' title='bbox 164 3870 249 3941; x_wconf 89' lang='lat' dir='ltr'>tor,</span> <span class='ocrx_word' id='word_1_367' title='bbox 282 3851 353 3922; x_wconf 93' lang='lat' dir='ltr'>hoc</span> <span class='ocrx_word' id='word_1_368' title='bbox 369 3872 466 3948; x_wconf 86' lang='lat' dir='ltr'>ego,</span> <span class='ocrx_word' id='word_1_369' title='bbox 498 3847 583 3920; x_wconf 90' lang='lat' dir='ltr'>licet</span> <span class='ocrx_word' id='word_1_370' title='bbox 595 3848 638 3920; x_wconf 89' lang='lat' dir='ltr'>ab</span> <span class='ocrx_word' id='word_1_371' title='bbox 653 3848 812 3919; x_wconf 86' lang='lat' dir='ltr'>acumine</span> <span class='ocrx_word' id='word_1_372' title='bbox 825 3846 863 3919; x_wconf 74' lang='lat' dir='ltr'>dt</span> <span class='ocrx_word' id='word_1_373' title='bbox 878 3847 1061 3948; x_wconf 88' lang='lat' dir='ltr'>sagacitate</span> <span class='ocrx_word' id='word_1_374' title='bbox 1075 3867 1135 3923; x_wconf 86' lang='lat' dir='ltr'>tua</span> <span class='ocrx_word' id='word_1_375' title='bbox 1155 3849 1259 3947; x_wconf 85' lang='lat' dir='ltr'>longe</span> <span class='ocrx_word' id='word_1_376' title='bbox 1275 3847 1382 3923; x_wconf 79' lang='lat' dir='ltr'>obfirn</span> <span class='ocrx_word' id='word_1_377' title='bbox 1401 3900 1414 3942; x_wconf 91' lang='lat'>,</span> <span class='ocrx_word' id='word_1_378' title='bbox 1446 3849 1561 3923; x_wconf 87' lang='lat' dir='ltr'>statim</span> <span class='ocrx_word' id='word_1_379' title='bbox 1576 3852 1699 3951; x_wconf 90' lang='lat' dir='ltr'>depre-</span> 
     </span>
     <span class='ocr_line' id='line_1_36' title="bbox 161 3941 1700 4050; baseline -0.001 -29"><span class='ocrx_word' id='word_1_380' title='bbox 161 3948 301 4037; x_wconf 65' lang='lat' dir='ltr'>hendi,</span> <span class='ocrx_word' id='word_1_381' title='bbox 327 3949 407 4046; x_wconf 82' lang='lat' dir='ltr'>quia</span> <span class='ocrx_word' id='word_1_382' title='bbox 424 3947 519 4020; x_wconf 85' lang='lat' dir='ltr'>Livii</span> <span class='ocrx_word' id='word_1_383' title='bbox 536 3944 614 4019; x_wconf 87' lang='lat' dir='ltr'>loca</span> <span class='ocrx_word' id='word_1_384' title='bbox 628 3969 701 4019; x_wconf 91' lang='lat' dir='ltr'>non</span> <span class='ocrx_word' id='word_1_385' title='bbox 716 3943 824 4017; x_wconf 90' lang='lat' dir='ltr'>modo</span> <span class='ocrx_word' id='word_1_386' title='bbox 837 3941 909 4017; x_wconf 85' lang='lat' dir='ltr'>fine</span> <span class='ocrx_word' id='word_1_387' title='bbox 923 3946 1079 4044; x_wconf 87' lang='lat' dir='ltr'>capitum</span> <span class='ocrx_word' id='word_1_388' title='bbox 1100 3945 1337 4047; x_wconf 83' lang='lat' dir='ltr'>designatione</span> <span class='ocrx_word' id='word_1_389' title='bbox 1354 3946 1547 4049; x_wconf 82' lang='lat' dir='ltr'>producis,</span> <span class='ocrx_word' id='word_1_390' title='bbox 1580 3952 1700 4050; x_wconf 81' lang='lat' dir='ltr'>(quod</span> 
     </span>
     <span class='ocr_line' id='line_1_37' title="bbox 160 4042 1700 4143; baseline 0.002 -24"><span class='ocrx_word' id='word_1_391' title='bbox 160 4064 301 4135; x_wconf 71' lang='lat' dir='ltr'>namen,</span> <span class='ocrx_word' id='word_1_392' title='bbox 320 4045 343 4119; x_wconf 79' lang='lat' dir='ltr'>fi</span> <span class='ocrx_word' id='word_1_393' title='bbox 359 4044 519 4119; x_wconf 70' lang='lat' dir='ltr'>distatori</span> <span class='ocrx_word' id='word_1_394' title='bbox 533 4048 650 4119; x_wconf 81' lang='lat' dir='ltr'>Clericr</span> <span class='ocrx_word' id='word_1_395' title='bbox 663 4043 923 4143; x_wconf 82' lang='lat' dir='ltr'>obtemperare,</span> <span class='ocrx_word' id='word_1_396' title='bbox 936 4045 1123 4119; x_wconf 80' lang='lat' dir='ltr'>&amp;morosi</span> <span class='ocrx_word' id='word_1_397' title='bbox 1141 4046 1180 4118; x_wconf 76' lang='lat' dir='ltr'>dt</span> <span class='ocrx_word' id='word_1_398' title='bbox 1199 4044 1350 4120; x_wconf 82' lang='lat' dir='ltr'>difficilis</span> <span class='ocrx_word' id='word_1_399' title='bbox 1358 4046 1589 4120; x_wconf 87' lang='lat' dir='ltr'>Grammatici</span> <span class='ocrx_word' id='word_1_400' title='bbox 1611 4042 1700 4122; x_wconf 85' lang='lat' dir='ltr'>titu&#39;·</span> 
     </span>
     <span class='ocr_line' id='line_1_38' title="bbox 162 4140 1698 4244; baseline 0.003 -29"><span class='ocrx_word' id='word_1_401' title='bbox 162 4142 238 4215; x_wconf 86' lang='lat' dir='ltr'>lum</span> <span class='ocrx_word' id='word_1_402' title='bbox 253 4141 407 4244; x_wconf 74' lang='lat' dir='ltr'>effugere</span> <span class='ocrx_word' id='word_1_403' title='bbox 420 4142 607 4233; x_wconf 76' lang='lat' dir='ltr'>voluisses,</span> <span class='ocrx_word' id='word_1_404' title='bbox 638 4140 771 4215; x_wconf 73' lang='lat' dir='ltr'>saelum</span> <span class='ocrx_word' id='word_1_405' title='bbox 786 4143 967 4239; x_wconf 81' lang='lat' dir='ltr'>oportuit)</span> <span class='ocrx_word' id='word_1_406' title='bbox 981 4140 1037 4215; x_wconf 83' lang='lat' dir='ltr'>sed</span> <span class='ocrx_word' id='word_1_407' title='bbox 1062 4145 1243 4240; x_wconf 85' lang='lat' dir='ltr'>antiquato</span> <span class='ocrx_word' id='word_1_408' title='bbox 1264 4142 1328 4215; x_wconf 91' lang='lat' dir='ltr'>illo</span> <span class='ocrx_word' id='word_1_409' title='bbox 1349 4141 1457 4215; x_wconf 83' lang='lat' dir='ltr'>morlo</span> <span class='ocrx_word' id='word_1_410' title='bbox 1473 4144 1604 4217; x_wconf 91' lang='lat' dir='ltr'>citandi</span> <span class='ocrx_word' id='word_1_411' title='bbox 1620 4166 1698 4220; x_wconf 66' lang='lat' dir='ltr'>ute</span> 
     </span>
     <span class='ocr_line' id='line_1_39' title="bbox 159 4238 1696 4344; baseline 0.001 -31"><span class='ocrx_word' id='word_1_412' title='bbox 159 4242 231 4313; x_wconf 78' lang='lat' dir='ltr'>ria:</span> <span class='ocrx_word' id='word_1_413' title='bbox 250 4248 328 4321; x_wconf 73' lang='lat' dir='ltr'>Lm</span> <span class='ocrx_word' id='word_1_414' title='bbox 342 4244 396 4315; x_wconf 84' lang='lat' dir='ltr'>lib.</span> <span class='ocrx_word' id='word_1_415' title='bbox 404 4265 440 4339; x_wconf 89' lang='lat'>7.</span> <span class='ocrx_word' id='word_1_416' title='bbox 457 4244 542 4317; x_wconf 83' lang='lat' dir='ltr'>Beli.</span> <span class='ocrx_word' id='word_1_417' title='bbox 560 4246 638 4313; x_wconf 77' lang='lat' dir='ltr'>Pan.</span> <span class='ocrx_word' id='word_1_418' title='bbox 690 4238 803 4335; x_wconf 86' lang='lat' dir='ltr'>Qrod</span> <span class='ocrx_word' id='word_1_419' title='bbox 817 4262 923 4313; x_wconf 89' lang='lat' dir='ltr'>nemo</span> <span class='ocrx_word' id='word_1_420' title='bbox 936 4238 1043 4313; x_wconf 88' lang='lat' dir='ltr'>hodie</span> <span class='ocrx_word' id='word_1_421' title='bbox 1055 4240 1231 4331; x_wconf 83' lang='lat' dir='ltr'>admittit,</span> <span class='ocrx_word' id='word_1_422' title='bbox 1254 4238 1318 4311; x_wconf 87' lang='lat' dir='ltr'>nifi</span> <span class='ocrx_word' id='word_1_423' title='bbox 1333 4238 1394 4337; x_wconf 88' lang='lat' dir='ltr'>qui</span> <span class='ocrx_word' id='word_1_424' title='bbox 1412 4238 1565 4315; x_wconf 87' lang='lat' dir='ltr'>laborem</span> <span class='ocrx_word' id='word_1_425' title='bbox 1579 4244 1696 4344; x_wconf 85' lang='lat' dir='ltr'>inqui·</span> 
     </span>
     <span class='ocr_line' id='line_1_40' title="bbox 156 4336 1699 4442; baseline 0.003 -31"><span class='ocrx_word' id='word_1_426' title='bbox 156 4336 264 4411; x_wconf 72' lang='lat' dir='ltr'>nendi</span> <span class='ocrx_word' id='word_1_427' title='bbox 285 4338 450 4440; x_wconf 77' lang='lat' dir='ltr'>fugiens,</span> <span class='ocrx_word' id='word_1_428' title='bbox 473 4341 630 4438; x_wconf 86' lang='lat' dir='ltr'>priorum</span> <span class='ocrx_word' id='word_1_429' title='bbox 647 4336 792 4411; x_wconf 87' lang='lat' dir='ltr'>fidcrns</span> <span class='ocrx_word' id='word_1_430' title='bbox 828 4338 944 4428; x_wconf 88' lang='lat' dir='ltr'>uitur,</span> <span class='ocrx_word' id='word_1_431' title='bbox 967 4354 1009 4409; x_wconf 93' lang='lat' dir='ltr'>ut</span> <span class='ocrx_word' id='word_1_432' title='bbox 1028 4357 1069 4411; x_wconf 91' lang='lat' dir='ltr'>tu</span> <span class='ocrx_word' id='word_1_433' title='bbox 1084 4338 1234 4430; x_wconf 82' lang='lat' dir='ltr'>Stephani</span> <span class='ocrx_word' id='word_1_434' title='bbox 1248 4336 1301 4410; x_wconf 90' lang='lat' dir='ltr'>tui</span> <span class='ocrx_word' id='word_1_435' title='bbox 1317 4336 1450 4413; x_wconf 89' lang='lat' dir='ltr'>indicio</span> <span class='ocrx_word' id='word_1_436' title='bbox 1465 4340 1699 4442; x_wconf 80' lang='lat' dir='ltr'>acquiescens,</span> 
     </span>
     <span class='ocr_line' id='line_1_41' title="bbox 158 4432 1693 4532; baseline 0.001 -23"><span class='ocrx_word' id='word_1_437' title='bbox 158 4438 302 4524; x_wconf 69' lang='lat' dir='ltr'>micante</span> <span class='ocrx_word' id='word_1_438' title='bbox 315 4437 474 4511; x_wconf 89' lang='lat' dir='ltr'>obsoleto</span> <span class='ocrx_word' id='word_1_439' title='bbox 489 4439 551 4508; x_wconf 91' lang='lat' dir='ltr'>illi·</span> <span class='ocrx_word' id='word_1_440' title='bbox 562 4437 719 4512; x_wconf 87' lang='lat' dir='ltr'>laudandi</span> <span class='ocrx_word' id='word_1_441' title='bbox 736 4460 796 4511; x_wconf 88' lang='lat' dir='ltr'>mo</span> <span class='ocrx_word' id='word_1_442' title='bbox 821 4460 845 4508; x_wconf 93' lang='lat' dir='ltr'>o</span> <span class='ocrx_word' id='word_1_443' title='bbox 859 4435 1017 4507; x_wconf 74' lang='lat' dir='ltr'>confidis.</span> <span class='ocrx_word' id='word_1_444' title='bbox 1068 4432 1190 4525; x_wconf 82' lang='lat' dir='ltr'>Qram</span> <span class='ocrx_word' id='word_1_445' title='bbox 1209 4460 1283 4511; x_wconf 88' lang='lat' dir='ltr'>non</span> <span class='ocrx_word' id='word_1_446' title='bbox 1298 4436 1424 4511; x_wconf 77' lang='lat' dir='ltr'>rideret</span> <span class='ocrx_word' id='word_1_447' title='bbox 1438 4459 1475 4511; x_wconf 91' lang='lat' dir='ltr'>te</span> <span class='ocrx_word' id='word_1_448' title='bbox 1492 4492 1508 4532; x_wconf 88' lang='lat'>,</span> <span class='ocrx_word' id='word_1_449' title='bbox 1532 4439 1556 4514; x_wconf 83' lang='lat' dir='ltr'>st</span> <span class='ocrx_word' id='word_1_450' title='bbox 1573 4440 1693 4513; x_wconf 84' lang='lat' dir='ltr'>amici·</span> 
     </span>
     <span class='ocr_line' id='line_1_42' title="bbox 161 4530 1694 4637; baseline -0.001 -26"><span class='ocrx_word' id='word_1_451' title='bbox 161 4535 213 4611; x_wconf 86' lang='lat' dir='ltr'>tia</span> <span class='ocrx_word' id='word_1_452' title='bbox 225 4534 467 4633; x_wconf 82' lang='lat' dir='ltr'>permitteret,</span> <span class='ocrx_word' id='word_1_453' title='bbox 494 4538 633 4605; x_wconf 77' lang='lat' dir='ltr'>Manna</span> <span class='ocrx_word' id='word_1_454' title='bbox 643 4538 707 4608; x_wconf 84' lang='lat' dir='ltr'>ille</span> <span class='ocrx_word' id='word_1_455' title='bbox 719 4556 829 4629; x_wconf 76' lang='lat' dir='ltr'>tuos,</span> <span class='ocrx_word' id='word_1_456' title='bbox 850 4534 912 4637; x_wconf 90' lang='lat' dir='ltr'>qui</span> <span class='ocrx_word' id='word_1_457' title='bbox 927 4530 1160 4635; x_wconf 86' lang='lat' dir='ltr'>nescioquem</span> <span class='ocrx_word' id='word_1_458' title='bbox 1175 4536 1302 4611; x_wconf 86' lang='lat' dir='ltr'>alicubi</span> <span class='ocrx_word' id='word_1_459' title='bbox 1317 4536 1602 4632; x_wconf 84' lang='lat' dir='ltr'>Jurisconsulturn</span> <span class='ocrx_word' id='word_1_460' title='bbox 1620 4558 1694 4609; x_wconf 89' lang='lat' dir='ltr'>me·</span> 
     </span>
     <span class='ocr_line' id='line_1_43' title="bbox 153 4628 1695 4737; baseline 0.004 -26"><span class='ocrx_word' id='word_1_461' title='bbox 153 4635 233 4705; x_wconf 78' lang='lat' dir='ltr'>rito</span> <span class='ocrx_word' id='word_1_462' title='bbox 248 4632 444 4733; x_wconf 71' lang='lat' dir='ltr'>obiurgat,</span> <span class='ocrx_word' id='word_1_463' title='bbox 465 4628 562 4729; x_wconf 79' lang='lat' dir='ltr'>quod</span> <span class='ocrx_word' id='word_1_464' title='bbox 575 4632 960 4735; x_wconf 65' lang='lat' dir='ltr'>-Digrstnirrftrtr‘ature</span> <span class='ocrx_word' id='word_1_465' title='bbox 981 4635 1089 4713; x_wconf 84' lang='lat' dir='ltr'>citare</span> <span class='ocrx_word' id='word_1_466' title='bbox 1103 4632 1199 4711; x_wconf 84' lang='lat' dir='ltr'>ausus</span> <span class='ocrx_word' id='word_1_467' title='bbox 1212 4653 1317 4731; x_wconf 79' lang='lat' dir='ltr'>etat,</span> <span class='ocrx_word' id='word_1_468' title='bbox 1339 4634 1446 4737; x_wconf 85' lang='lat' dir='ltr'>&amp;qui</span> <span class='ocrx_word' id='word_1_469' title='bbox 1457 4636 1610 4735; x_wconf 79' lang='lat' dir='ltr'>graviter</span> <span class='ocrx_word' id='word_1_470' title='bbox 1623 4631 1695 4717; x_wconf 70' lang='lat' dir='ltr'>sae·</span> 
     </span>
    </p>

    <p class='ocr_par' dir='ltr' id='par_1_7' title="bbox 1647 4754 1698 4833">
     <span class='ocr_line' id='line_1_44' title="bbox 1647 4754 1698 4833; baseline 0 -29"><span class='ocrx_word' id='word_1_471' title='bbox 1647 4754 1698 4833; x_wconf 86' lang='lat' dir='ltr'>pe</span> 
     </span>
    </p>
   </div>
   <div class='ocr_carea' id='block_1_3' title="bbox 0 0 2036 5558">
    <p class='ocr_par' dir='ltr' id='par_1_8' title="bbox 0 0 2036 5558">
     <span class='ocr_line' id='line_1_45' title="bbox 0 0 2036 5558; baseline 0 1"><span class='ocrx_word' id='word_1_472' title='bbox 0 0 2036 5558; x_wconf 95' lang='lat' dir='ltr'> </span> 
     </span>
    </p>
   </div>
  </div>
 </body>
</html>
