4064 5558
244 279 254 319 s
461 208 1505 317 avencarrsuouunxrux.
1734 243 1791 332 η
1933 187 1948 222 ‘

247 405 297 462 ης
319 378 539 456 exstruerem.
589 374 699 448 Hunc
715 366 834 442 saltem
848 363 1044 442 doetisfimo
1059 362 1218 464 populari
1234 384 1319 452 tuo,
1348 360 1386 433 &
1404 363 1629 437 celeberrimo
1647 363 1791 441 Senatus

248 478 442 580 amplissimi
461 474 614 572 Principi
638 472 810 572 bonorem
828 465 953 538 habere
976 463 1164 553 debuisses,
1189 485 1253 534 nec
1268 460 1397 560 pudere
1414 488 1476 561 par
1492 463 1630 554 fuisset,
1654 485 1789 540 atanto

249 583 361 671 Viro,
388 580 487 673 cujus
508 577 632 671 copiae
647 567 713 641 tibi
727 566 824 662 saepe
843 563 1066 660 profuerunt,
1091 559 1221 654 doceri.
1254 558 1322 632 Sed
1338 560 1418 656 quia
1434 561 1491 633 ille
1505 562 1787 656 Germanorum,

246 682 309 780 qu,
334 696 481 773 corpore
505 693 608 768 quam
634 685 748 738 mente
769 663 877 759 magis
899 662 1043 750 valent,
1068 659 1177 731 modo
1204 656 1413 730 collestanea
1441 658 1623 758 spississima
1649 682 1787 738 tantum
1850 727 1854 742 ,

249 775 447 875 congessrlse
460 769 571 843 videri
587 764 716 864 potest,
742 759 936 857 dedignaris
949 761 1024 857 ejus
1040 758 1241 829 memoriam
1256 755 1392 844 colere,
1419 755 1692 851 &Turnebum,
1719 787 1785 859 po-

250 877 405 978 pularem
419 890 561 968 quoque
576 867 818 959 interpretem,
844 857 952 931 ferula
967 878 1027 930 rua
1042 857 1181 955 potius,
1206 879 1309 951 quam
1320 851 1485 929 Praesrdis
1497 857 1689 955 amplissnni
1703 884 1785 935 cen-

251 977 339 1050 soria
354 991 438 1043 nota
453 1020 465 1058 ,
490 965 588 1037 ferire
603 957 761 1032 maluisti.

301 1071 437 1144 Eodem
457 1067 570 1161 rigore
587 1083 643 1132 me
660 1081 696 1130 re
722 1055 911 1146 rehendis,
934 1053 1029 1153 quod
1042 1075 1123 1152 pag.
1144 1048 1223 1149 387·
1240 1048 1278 1122 &
1296 1073 1380 1147 519·
1398 1053 1610 1153 neglexefim
1635 1057 1670 1128 iss
1689 1057 1785 1130 Τῑῑῐ·
1827 1059 1831 1071 ’

254 1155 336 1244 ¹nebi
351 1187 457 1255 nota,
481 1162 579 1256 cujus
595 1084 768 1254 pleralpue
791 1155 852 1228 vix
877 1153 997 1253 dignas
1017 1151 1123 1225 habui
1141 1201 1154 1242 ,
1180 1147 1243 1222 nisa
1260 1151 1344 1222 vitia
1360 1152 1395 1221 in
1413 1153 1533 1223 oculos
1550 1153 1785 1246 incurrerent,

256 1291 324 1341 tarn
349 1265 448 1337 anxie
470 1274 662 1341 excutere,
729 1252 925 1350 ermogenis
949 1253 1027 1323 loca
1043 1248 1251 1321 emendare:
1275 1246 1424 1347 denique
1439 1252 1474 1320 in
1491 1252 1703 1348 praefatione
1721 1257 1787 1326 mi·
1857 1260 1860 1267 ’

252 1367 290 1437 hi
304 1359 482 1445 adscribis,
509 1355 600 1425 inter
614 1350 701 1442 alia,
727 1350 821 1450 quod
839 1353 996 1422 Walarius
1018 1348 1106 1420 male
1119 1347 1261 1418 verterit
1277 1345 1395 1420 locum
1414 1350 1588 1422 Demetrii
1608 1352 1785 1444 Phalerei,

255 1461 377 1557 (cujus
391 1456 518 1528 librum
537 1475 595 1522 me
620 1472 760 1550 quoque
782 1447 862 1548 post
883 1447 967 1519 alios
983 1448 1021 1519 de
1036 1448 1298 1539 Interpretutiuue
1316 1448 1422 1518 citare
1441 1448 1627 1540 cavillaris,
1653 1475 1734 1522 cum
1749 1454 1787 1523 de

251 1563 423 1631 Elaeuriaue
439 1552 640 1640 debuerim,
666 1548 709 1620 de
727 1573 798 1646 quo
815 1570 908 1619 nunc
923 1569 1024 1643 agere
1041 1568 1111 1616 non
1126 1561 1248 1633 vacat,
1274 1545 1354 1640 quia
1370 1568 1420 1615 res
1439 1544 1538 1616 nihili
1555 1546 1603 1618 est
1617 1547 1653 1617 ὅ(
1669 1547 1787 1620 infini-

251 1659 294 1730 tis
307 1654 493 1729 domorum
510 1651 665 1722 virorum
684 1647 881 1744 exemplis,
907 1664 948 1716 ut
971 1642 1040 1742 ipse
1055 1640 1221 1742 quaedam
1236 1640 1412 1740 agnoscis,
1436 1667 1492 1715 me
1510 1643 1691 1718 defendere
1709 1645 1787 1744 pos·

250 1752 341 1840 sem)
367 1754 425 1825 cui
450 1749 583 1822 socium
616 1744 710 1817 addis
731 1746 813 1819 Tha.
831 1747 999 1816 Gallaeum
1028 1742 1162 1828 (miror
1187 1759 1222 1811 te
1246 1765 1317 1813 non
1343 1740 1386 1813 ab
1407 1745 1521 1815 amico
1547 1745 1719 1816 monitum
1745 1745 1787 1816 il·

250 1853 323 1925 lum
335 1857 468 1924 Galeam
484 1845 612 1920 reesius
625 1842 807 1945 appellari,
826 1842 1059 1931 &Gallueann
1085 1841 1183 1936 cujus
1199 1835 1296 1935 saepe
1311 1841 1443 1913 mentio
1463 1843 1498 1912 in
1512 1843 1604 1912 notis
1622 1840 1686 1933 fit,
1712 1843 1788 1915 lon·

249 1975 295 2050 ge
310 1950 376 2023 else
393 1936 571 2022 diversum'
580 1943 785 2027 hominem)
815 1942 905 2014 viros
924 1937 1073 2011 multum
1092 1957 1127 2009 te
1143 1935 1179 2006 ὅ(
1197 1959 1252 2007 me
1273 1936 1466 2030 dodliores,
1494 1937 1529 2010 &
1549 1938 1673 2034 quibus
1688 1965 1790 2036 com-

250 2051 336 2149 poni
353 2072 424 2122 non
442 2044 595 2131 irascor,
621 2041 704 2113 licet
727 2063 796 2138 ego
821 2062 865 2111 ne
889 2035 1033 2112 verbum
1057 2033 1197 2135 quidem
1212 2034 1322 2107 ullum
1341 2035 1383 2108 ad
1399 2038 1497 2110 illum
1516 2037 1635 2110 locum
1653 2039 1788 2135 adjece-

250 2149 328 2220 rim.
378 2140 589 2241 Poenituisse
616 2158 652 2211 te
675 2161 815 2236 quoque
838 2135 1087 2209 criminationis
1116 2131 1252 2224 credo,
1285 2136 1366 2231 quia
1388 2160 1467 2234 pag.
1491 2143 1571 2232 3⁶4·
1594 2161 1629 2209 n.
1652 2158 1714 2235 ¹55.
1732 2137 1787 2210 iis-
1923 2228 1926 2234 Ι

251 2245 331 2318 dem
351 2241 420 2316 fere
439 2238 553 2316 verbis
569 2256 745 2334 repetens,
763 2260 866 2334 quam
883 2236 918 2307 in
939 2231 1149 2333 praefatione
1165 2230 1377 2326 intenderas,
1401 2234 1673 2327 accusationem,
1699 2236 1787 2308 mihi

250 2345 388 2442 parcis,
415 2340 453 2412 &
478 2360 619 2409 omnem
641 2334 780 2431 culpam
804 2336 839 2406 in
864 2338 1042 2407 Vitiarium
1063 2333 1230 2405 transfers.
1282 2329 1352 2404 Cui
1370 2355 1452 2406 vero
1473 2332 1598 2423 bono,
1621 2332 1683 2407 nifi
1703 2334 1788 2406 moli

249 2441 447 2540 augendae,
471 2436 575 2509 toties
591 2432 708 2504 eadem
723 2434 760 2505 in
776 2432 900 2506 eodem
918 2431 1095 2504 volumine
1111 2452 1319 2527 recoquere,
1344 2451 1385 2503 ut
1399 2434 1504 2505 etiam
1523 2455 1602 2531 pag.
1619 2439 1663 2528 63
1675 2453 1704 2528 3.
1722 2457 1788 2529 pu-

249 2539 410 2613 tidilsrme
428 2535 483 2607 illa
500 2532 542 2606 de
558 2531 703 2627 inscripta
726 2532 881 2625 maleficia
902 2531 1049 2629 repetita
1064 2525 1295 2629 releguntur?
1321 2528 1389 2602 Sed
1407 2530 1522 2603 taedet
1541 2534 1707 2626 pigetque
1722 2533 1789 2601 mi·

250 2636 500 2710 nutislimarum
517 2631 736 2728 ineptiarum.
787 2629 943 2728 Ideoque
956 2652 1049 2700 nunc
1064 2627 1268 2715 videamus,
1293 2625 1418 2720 quibus
1431 2626 1558 2698 balistis
1578 2627 1615 2697 &
1634 2629 1789 2726 catapul-

251 2737 294 2810 tis
311 2760 353 2807 ex
369 2733 491 2808 ultima
509 2731 609 2819 acie,
635 2751 722 2826 quae
739 2730 827 2802 arcis
850 2729 915 2802 tibi
934 2727 1038 2801 instar
1055 2722 1133 2818 est,
1159 2723 1382 2823 measpopias
1403 2722 1509 2800 caesas
1532 2722 1666 2825 fugatas
1684 2726 1790 2800 inter·

247 2835 393 2910 nacione
408 2828 564 2906 occidas.

868 3088 1039 3186 cna.
1111 3073 1177 3186 V.

419 3315 717 3460 Aacrrsatiauis
730 3314 875 3459 Caput
895 3269 1100 3424 ultimuru
1120 3315 1174 3421 de
1194 3314 1368 3427 vocibus
1379 3316 1611 3427 Techuicis.
1641 3418 1645 3425 .

246 3604 505 3778 PRofligato
521 3607 739 3707 quadruplici
754 3607 865 3681 variae
880 3628 1068 3682 armaturae
1083 3608 1224 3698 ordine,
1239 3631 1343 3704 quem
1361 3609 1397 3681 in
1412 3631 1468 3680 me
1482 3603 1661 3698 invexisti,
1686 3613 1784 3683 iunu-

318 3712 399 3779 meri
412 3713 537 3780 numeri
559 3709 739 3806 copiarum
758 3706 919 3780 terribilis
934 3709 1150 3807 Imperator,
1173 3729 1224 3780 res
1242 3703 1308 3778 tibi
1323 3729 1416 3780 nunc
1431 3704 1477 3777 ad
1493 3705 1648 3780 Triarios
1662 3708 1784 3800 rediit,

249 3829 336 3903 quos
353 3805 389 3876 in
405 3804 559 3878 subsidiis
574 3805 610 3879 ὃ(
624 3805 749 3879 ultima
765 3805 838 3879 acie
856 3805 1033 3882 collocasti
1047 3860 1059 3903 ,
1106 3807 1143 3881 ui
1158 3805 1400 3882 succenturiati
1414 3808 1487 3905 jam
1502 3803 1628 3905 fugatis
1646 3807 1784 3905 reliquis

275 3927 404 4003 ugnam
425 3904 608 4016 capessent.
658 3905 708 3977 At
726 3906 887 4002 quintum
909 3907 979 3979 hoc
999 3829 1128 4006 grande
1142 3904 1180 3980 &
1196 3905 1404 4002 inexpiabile
1425 3906 1557 3977 crimen
1578 3903 1782 3998 habebitur,

248 3928 345 4075 seeo
362 4005 483 4102 majori
499 4001 671 4100 supplicio
685 4001 953 4098 vindicandum,
978 4005 1074 4102 quod
1090 4005 1197 4080 sciens
1213 4005 1250 4077 &
1266 4003 1388 4103 sponte
1401 4003 1603 4076 admiserim.
1654 4005 1783 4078 Audia-

250 4123 325 4172 mus
342 4125 425 4173 vero
438 4100 599 4175 delatoris
613 4101 799 4175 formulam
815 4130 823 4174 :
851 4102 954 4200 Quod
965 4130 1025 4177 nau
1040 4110 1220 4179 curaverint
1244 4109 1479 4197 explicarequae
1495 4099 1610 4174 Fabius
1625 4105 1782 4177 intellude

240 4198 433 4290 ‚dffcillimu
449 4209 610 4293 continet,
637 4197 700 4271 TE
703 4206 831 4272 CHN
832 4208 855 4273 I
861 4207 889 4275 C
899 4206 967 4272 AS
990 4204 1136 4278 videlicet
1152 4202 1377 4299 Philolagarum
1394 4201 1436 4279 ss
1454 4201 1592 4272 maxime
1610 4202 1782 4276 Rhetarum

250 4299 317 4366 D!
325 4302 568 4370 CTIONES
591 4297 763 4399 (agnosco
782 4299 818 4373 δι
835 4301 950 4375 hucin
968 4324 1084 4394 voce,
1109 4326 1197 4399 pene
1216 4301 1320 4372 etiam
1335 4300 1466 4370 dieiiaue
1481 4295 1660 4392 dixeram,
1689 4300 1781 4375 sum·

245 4417 339 4469 mam
356 4396 502 4470 Latinae
518 4400 657 4497 linguae
681 4399 861 4499 peritiam)
883 4405 1016 4495 itemque
1038 4400 1181 4493 loquendi
1194 4399 1368 4490 formales.
1414 4395 1652 4489 Concurrite,
1677 4421 1782 4496 quae·

241 4490 298 4582 so,
325 4493 364 4566 ὃς
380 4493 512 4587 adeste,
529 4517 617 4594 quot
644 4519 708 4573 uot
722 4499 858 4589 vivitis,
882 4497 1093 4572 Latinorum
1111 4514 1170 4571 aut
1180 4496 1398 4572 Graecorum
1415 4495 1595 4571 russorum
1611 4497 1779 4588 editores,

238 4593 303 4667 viri
314 4592 465 4668 Literati
483 4593 635 4670 &Philo
672 4597 734 4695 gi,
758 4599 927 4703 emergite
941 4623 1004 4682 vos
1019 4597 1063 4677 ab
1079 4595 1195 4678 inseris
1205 4599 1416 4775 ,Ducaugem
1440 4597 1631 4698 casauboni,
1652 4597 1781 4789 Salgu·

1271 4716 1294 4774 2
1747 4719 1760 4767 l
1768 4743 1782 4786 7
