4064 5558
528 303 619 393 an
666 299 764 389 cn
813 299 1536 397 oaeunnouunutuue
1592 246 1598 261 ’
1749 316 1801 430 ⁸3

268 510 276 520 -
313 466 401 562 Png.
417 467 507 557 655.
523 482 558 531 n.
576 456 637 552 87.
659 460 697 531 in
713 460 821 552 loco,
845 481 887 534 ut
912 459 998 533 mihi
1015 455 1194 532 videbatur
1212 512 1225 552 ,
1249 477 1448 560 corrupto,
1477 452 1540 535 ubi
1555 444 1709 539 ,Codices
1725 490 1805 565 pat·

258 563 330 641 tim
345 569 463 654 tellus,
487 559 615 658 partim
633 567 729 633 rullus
743 559 955 633 exhibebant
970 610 982 652 ,
1007 583 1072 632 nec
1086 559 1123 629 in
1137 558 1304 632 altcmtro
1319 559 1428 633 sensus
1445 580 1546 658 aptus
1564 563 1650 636 mihi
1663 563 1805 640 videba-

261 685 324 741 tur
338 659 405 735 effe
424 709 439 751 ,
463 677 601 731 tantum
619 658 706 730 mihi
724 655 891 757 permifi,
915 678 957 731 ut
972 681 1037 755 pro
1058 659 1256 730 lucubrantes
1268 663 1434 753 stlencc'um
1451 665 1576 752 nouis,
1602 663 1644 744 &
1662 665 1804 760 clauficnc

260 764 437 839 cubiculum
463 758 506 838 &
531 761 636 829 lumen
655 764 804 841 unicum,
828 762 915 828 velut
931 765 1024 830 tetius
1047 760 1185 829 maxime
1207 773 1341 848 teuent,
1364 759 1574 855 conjecerim
1596 760 1802 859 legendum,

259 864 321 936 vul
333 866 433 935 cucur
448 858 548 930 uuus
563 880 605 926 m.
619 870 735 930 tenum,
782 854 837 928 Ut
854 853 895 927 fit
915 852 1008 953 quali
1036 853 1222 953 gradatio,
1246 878 1314 951 qua
1331 854 1420 949 dicit
1437 855 1698 934 lucubrantibus
1716 885 1805 935 con·

254 960 385 1035 uenire
400 954 577 1031 lilentium
600 952 740 1044 noblis,
766 971 938 1052 praeterea
963 952 1168 1026 cubiculum
1190 951 1373 1046 clausum,
1395 953 1521 1028 deinde
1534 955 1571 1030 in
1593 981 1636 1030 eo
1653 958 1801 1034 unicum

264 1057 406 1149 lumen,
428 1052 485 1129 vel
497 1052 701 1139 lucernam,
724 1051 762 1124 &
783 1051 934 1124 liadhuc
950 1052 1060 1150 magis
1075 1053 1184 1125 velint
1200 1074 1343 1142 cavere,
1367 1075 1411 1124 ne
1424 1054 1520 1127 oculi
1535 1073 1688 1130 mentem
1706 1058 1800 1133 aliud

315 1179 374 1229 ere
388 1178 432 1227 co
517 1148 824 1248 ,suupcrelle,utin
838 1147 967 1222 leclum
984 1149 1425 1224 lucubratoriumextintto
1435 1151 1603 1227 luminese
1620 1156 1799 1253 recipiant,

341 1253 348 1266 '
377 1169 568 1327 tugunibill
577 1247 640 1322 nili
652 1249 741 1320 hanc
755 1246 990 1346 conjodluram
1007 1271 1126 1346 parum
1136 1246 1388 1347 probabilitatis
1402 1249 1800 1351 habere,quiafileutium

266 1357 382 1438 uobis,
391 1347 526 1444 clausum
541 1350 737 1436 cubiculum,
747 1348 850 1417 lumen
864 1350 988 1418 unicum
1005 1347 1057 1422 calc
1072 1351 1273 1443 Cuyygypclc
1284 1348 1382 1420 velut
1395 1366 1763 1451 tegunt,protegunt,
1780 1376 1800 1426 a

263 1446 598 1545 tumultu,strepitu
616 1445 654 1518 &
668 1441 942 1542 interpellatione
955 1441 1157 1517 defendunt.
1182 1442 1294 1539 Quod
1311 1444 1362 1518 est
1376 1446 1469 1519 idem
1484 1449 1599 1521 dicere
1612 1473 1676 1548 pet
1691 1450 1798 1542 idem,

260 1570 334 1621 non
349 1546 528 1647 explicate
541 1542 640 1617 Fabii
656 1541 761 1616 verbu
783 1549 877 1613 cellos
900 1556 1016 1613 ccccccc.
1065 1540 1188 1632 Quare
1207 1543 1326 1616 doceri
1348 1543 1464 1617 adhuc
1478 1545 1652 1646 flagitabit
1668 1547 1797 1642 ledor,

260 1644 349 1743 quid
372 1640 549 1742 fignificet
562 1644 750 1734 fiturum,
773 1641 945 1712 cubiculum
962 1639 1032 1721 &n
1052 1657 1263 1739 proteguntur
1286 1647 1425 1716 tumultu
1442 1642 1514 1716 &e
1540 1644 1579 1718 ὅ(
1602 1644 1718 1744 sejam
1741 1666 1799 1731 tu·

196 1756 202 1777 ·’
261 1740 397 1819 nultus
421 1742 459 1814 io
475 1740 605 1815 vicinia
628 1759 687 1812 aut
704 1738 865 1835 strepitus
891 1735 958 1823 (de
974 1760 1045 1836 quo
1060 1739 1148 1811 nihil
1162 1737 1287 1812 Fabius
1294 1748 1307 1826 l
1331 1760 1472 1815 exortus
1487 1742 1622 1834 fuerit,
1646 1769 1797 1842 quomo·
1943 1752 1947 1765 “

259 1838 313 1915 do
327 1840 447 1914 lumen
468 1840 615 1910 unicum
637 1839 749 1938 magis
767 1834 961 1936 impediet,
986 1859 1029 1908 ne
1047 1836 1189 1924 audiat,
1214 1836 1252 1910 δι
1268 1838 1316 1910 ita
1335 1864 1354 1912 a
1378 1837 1494 1911 studiis
1510 1859 1684 1916 avertatur
1697 1843 1799 1916 lucu·

258 1936 391 2031 bruun,
418 1960 524 2036 quam
548 1935 572 2010 fi
597 1936 697 2034 plura
711 1935 777 2010 sint
795 1934 811 2006 l
835 1957 939 2034 quare
955 1935 1012 2033 agi
1036 1933 1080 2007 de
1103 1935 1243 2027 oculis,
1269 1959 1341 2008 non
1361 1935 1403 2009 de
1421 1936 1560 2011 auribus
1582 1939 1799 2015 manifestum

259 2036 336 2130 est,
359 2037 397 2110 &
413 2036 563 2110 Fabium
578 2034 666 2108 velle
685 2059 757 2133 quo
772 2031 850 2107 sunt
867 2032 967 2132 plura
981 2033 1135 2126 lumina,
1160 2057 1204 2106 eo
1229 2037 1337 2134 magis
1360 2034 1481 2109 oculos
1499 2059 1629 2138 cogere
1644 2059 1798 2114 mentem

259 2134 359 2209 uliud
372 2157 485 2233 agere.
534 2129 690 2206 Absurda
704 2156 791 2231 crgo
808 2132 925 2205 omnia
940 2129 978 2203 dc
992 2130 1142 2222 absona,
1165 2154 1253 2231 quae
1266 2153 1305 2204 tu
1322 2134 1511 2230 producis,
1537 2159 1619 2209 cum
1636 2136 1680 2210 de
1691 2139 1798 2233 secre-
1919 2191 1921 2195 ψ

261 2250 297 2308 tu
312 2253 394 2332 agat
410 2231 564 2327 Fabius,
588 2253 631 2302 ex
647 2255 718 2329 quo
740 2230 828 2303 nihil
851 2227 1001 2327 prospici
1024 2230 1166 2330 potest,
1191 2229 1287 2328 quod
1309 2254 1380 2304 non
1405 2230 1574 2329 praestant
1590 2233 1692 2308 filvao
1708 2235 1744 2307 de
1761 2260 1798 2308 a·

258 2355 392 2406 -moena
404 2329 492 2404 loca.
543 2330 585 2401 ln
600 2331 716 2427 inepta
730 2352 814 2402 vero
830 2329 889 2401 illa
904 2327 1074 2420 lectione,
1099 2338 1193 2404 tetius
1213 2344 1341 2421 teneat,
1367 2331 1486 2403 omnia
1504 2329 1582 2404 sunt
1597 2330 1741 2406 obscura
1757 2332 1796 2408 δε

261 2430 411 2505 turbata
463 2430 640 2501 Praeterea
655 2427 731 2525 quis
744 2450 911 2524 umquam
926 2435 1023 2499 tebius
1041 2432 1130 2500 unico
1144 2433 1259 2501 lumine
1272 2425 1387 2525 potest
1403 2428 1502 2514 dici3
1535 2454 1617 2503 cum
1635 2432 1740 2505 ctiam
1756 2433 1795 2505 in

263 2528 429 2628 exemplo
446 2525 541 2624 quod
566 2548 611 2598 ex
633 2526 797 2598 Petronio
823 2523 999 2622 produxi,
1023 2522 1142 2596 lumen
1166 2525 1311 2597 unicum
1332 2528 1423 2597 inter
1443 2547 1667 2601 monumenta
1692 2528 1795 2624 (loco

259 2646 363 2699 certe
388 2622 636 2712 secretissimo)
669 2622 862 2721 prodiderit
888 2642 1082 2695 matronam
1107 2622 1305 2721 Ephefiam.
1353 2622 1453 2695 Nam
1474 2621 1522 2695 lic
1547 2614 1586 2695 dc
1611 2623 1795 2699 lucubrans

261 2723 307 2798 ud
323 2725 466 2798 unicum
481 2725 585 2796 etiam
601 2720 740 2812 lumen,
765 2748 784 2796 a
800 2739 1039 2820 praetereunte
1054 2721 1310 2821 interpellatore
1324 2719 1436 2820 pollet
1450 2720 1572 2822 prodi,
1596 2746 1660 2797 nee
1678 2723 1796 2799 lumen

257 2845 341 2896 eum
362 2837 536 2919 protegeret
560 2821 669 2916 (mira
690 2820 789 2896 verbi
814 2820 917 2920 hujus
943 2817 1200 2919 fignificatiol)
1226 2818 1270 2893 ab
1288 2820 1585 2920 interpellatione,
1610 2819 1663 2913 su,
1687 2840 1729 2896 ut
1752 2842 1795 2895 tu

264 2920 393 3018 fingis,
413 2918 584 2992 tumultus
610 2916 648 2990 &
672 2918 829 3019 ssrepitus
855 2921 891 2991 in
911 2919 1039 2991 vicinia
1053 2918 1187 3011 cllent,
1213 2936 1336 2991 contra
1358 2942 1446 3018 quos
1470 2940 1513 2991 ne
1532 2917 1692 2993 tenebrae
1713 2920 1791 3018 qui·

263 3015 344 3090 dem
359 3017 507 3114 aliquem
523 3015 659 3114 pollent
677 3017 823 3089 munire.
1307 3066 1310 3075 .

308 3115 464 3214 Aequine
473 3139 618 3215 appares
635 3137 715 3213 pag.
729 3113 813 3201 698.
832 3140 866 3187 n.
888 3134 969 3212 114.
994 3114 1056 3189 ubi
1077 3138 1143 3215 pro
1165 3138 1255 3189 uuna
1281 3141 1345 3187 vox
1367 3139 1435 3213 ego
1452 3117 1588 3213 conjeci
1607 3116 1792 3215 legendum

254 3213 361 3306 nullu.
410 3212 507 3287 Cum
530 3238 614 3287 vcro
640 3212 812 3309 adjecilles
837 3237 933 3284 meae
958 3233 1090 3302 notae,
1114 3216 1205 3284 hanc
1227 3209 1464 3306 coniodluram
1490 3213 1641 3286 multum
1668 3215 1792 3289 habere

256 3309 526 3414 pmbabilitatiS,
536 3336 581 3386 ne
595 3333 710 3386 tantae
723 3309 974 3410 suffragationis
991 3329 1069 3381 tuae
1087 3309 1188 3381 laude
1202 3306 1553 3406 superbirem‚subdis
1567 3311 1714 3408 ,defendi
1737 3330 1791 3388 ta·

256 3439 328 3490 men
340 3410 438 3504 pcccjl
453 3417 588 3509 uulgata
611 3415 719 3500 bellio,
736 3427 890 3504 quatenus
909 3431 997 3480 vanc
1021 3433 1085 3480 vccc
1101 3409 1249 3494 diciturl
1265 3415 1468 3505 tranfitoric,
1485 3434 1543 3482 nun
1555 3410 1736 3505 durabilis,
1760 3438 1794 3485 c·

254 3514 407 3603 vanida,
423 3506 563 3603 fallax,
587 3507 657 3581 &c.
706 3508 822 3579 Partes
851 3504 985 3578 fuerant
1017 3526 1097 3587 tuae
1130 3507 1219 3581 hanc
1245 3508 1341 3580 vocis
1370 3532 1474 3580 vanae
1499 3505 1788 3604 fignificationem

255 3611 432 3713 probare,
465 3605 501 3679 ἃ
516 3607 588 3680 aliis
610 3605 818 3700 scriptorum
842 3604 928 3676 locis
950 3601 1167 3677 confirmare.
1218 3605 1268 3677 At
1291 3605 1417 3676 horum
1446 3604 1532 3676 nihil
1548 3628 1710 3705 umquam
1736 3631 1792 3680 re·

256 3712 408 3808 perimus
431 3694 525 3805 'apud
540 3723 605 3797 te,
630 3704 691 3777 ubi
707 3699 841 3776 Lexica
853 3700 1122 3797 te'destituunt3
1149 3721 1234 3776 tunc
1249 3702 1342 3785 enim
1358 3723 1438 3779 uere
1451 3702 1479 3776 is
1492 3725 1527 3775 es
1544 3753 1556 3792 ,
1581 3728 1689 3803 quem
1702 3704 1791 3779 Gal.
1931 3760 1934 3769 .

254 3810 280 3883 li
299 3808 352 3880 tui
370 3821 519 3896 vocant,
534 3788 714 3875 unPedcuc
729 3805 786 3898 qul
797 3816 823 3875 'c
834 3800 1150 3898 perluſsucculepin.
1182 3801 1368 3903 Bmeeipue
1383 3824 1487 3894 vero,
1511 3800 1574 3873 ubi
1591 3802 1674 3876 alios
1691 3803 1792 3877 refel-

255 3907 380 3995 limus,
406 3899 585 3977 instructos
599 3900 739 4001 prodire
752 3919 904 3997 oportet.
951 3901 1030 3992 Jam
1053 3925 1135 3973 vcro
1154 3898 1177 3973 li
1193 3922 1235 3971 ex
1250 3921 1400 3998 quatuor
1415 3900 1483 3974 tuis
1499 3898 1694 3998 synonymis
1710 3905 1788 4000 quis

255 4005 399 4107 eligeret
414 4000 595 4094 ulfallcu,
621 3999 679 4071 ille
692 4018 830 4101 caperet
847 4022 911 4095 pro
925 3996 1082 4071 mendaci
1098 4023 1187 4073 voce
1203 4051 1216 4090 ,
1243 4018 1284 4072 ut
1296 4001 1473 4093 uauufides
1489 4048 1502 4088 ,
1526 4001 1628 4071 verba
1646 4023 1734 4073 vana
1749 3999 1788 4075 ὃ(

259 4099 374 4179 fimilia
387 4099 504 4199 paffim
518 4098 613 4198 apud
629 4100 753 4172 Pobtns
769 4097 805 4170 ὃ(
818 4097 902 4170 alios
915 4116 1117 4171 occurrunt.
1167 4095 1267 4191 Quid
1282 4121 1365 4171 vero
1380 4100 1562 4192 crcnfiturc'c
1578 4121 1643 4171 uox
1657 4095 1700 4171 fit
1716 4099 1789 4171 uel·

246 4199 324 4279 lem
338 4201 407 4275 alio
425 4198 571 4297 planiori
587 4197 762 4269 vocabulo
783 4193 1000 4295 explicuillee
1016 4245 1029 4287 ,
1062 4219 1145 4269 cum
1162 4196 1275 4267 omnis
1290 4219 1362 4268 vox
1376 4220 1396 4267 a
1411 4194 1575 4292 loquente
1590 4192 1732 4271 transeat
1746 4197 1790 4270 ad

254 4299 439 4374 ndentes.
463 4297 562 4371 Nam
579 4295 807 4369 srinhaercret
822 4295 977 4395 loquenti
991 4343 1004 4382 ,
1017 4315 1083 4366 nec
1103 4292 1259 4371 transiret
1273 4292 1316 4365 ad
1332 4292 1548 4382 audientem,
1565 4316 1607 4366 ne
1621 4318 1692 4369 vox
1711 4297 1790 4392 qui·

253 4396 334 4471 dem
348 4397 445 4471 ellet.
495 4399 569 4467 Aut
586 4393 610 4468 fi
628 4394 814 4494 intellig'n,
827 4419 916 4492 quae
929 4391 1048 4467 tranfit
1062 4391 1203 4489 quidem
1218 4440 1232 4482 ,
1256 4388 1312 4462 sod
1326 4397 1400 4465 non
1414 4393 1629 4467 intricantes
1646 4392 1791 4467 audien·

239 4496 343 4570 tium
361 4547 376 4586 ,
408 4491 534 4566 vellem
560 4492 740 4568 illustrares
753 4492 921 4592 exemplis
934 4489 1174 4581 lncidillimis,
1197 4487 1302 4563 talem
1316 4491 1653 4579 transituricmetiam
1669 4515 1791 4565 uanam

243 4592 352 4667 -fulsse
365 4609 526 4667 vocatum
541 4590 586 4665 ub
600 4592 717 4691 aliquo
731 4592 858 4666 idoneo
871 4589 1020 4666 audbnre
1071 4590 1146 4665 Hic
1165 4588 1332 4682 Rhodus,
1358 4587 1531 4667 hiesdem
1545 4610 1628 4667 crat.

305 4691 499 4793 Denique,
528 4715 642 4769 unum
663 4691 780 4769 adhue
803 4690 1069 4789 obtrodlmmnia
1091 4687 1293 4861 contempne
1305 4687 1510 4791 exemplum
1532 4684 1721 4787 producam
1741 4708 1786 4759 ex

204 4816 207 4821 ·
1278 4808 1300 4862 2
1711 4807 1794 4893 pag.
