4064 5558
498 244 593 333 At>
647 234 751 328 cn
792 218 1534 327 crrennouunntum.
1727 273 1779 360 7,

131 489 136 495 .
242 421 438 520 ignoratam
450 409 548 485 verbi
565 409 692 482 reddere
709 431 775 506 pro
790 426 991 504 exponere,
1016 400 1208 499 explicare,
1235 401 1545 502 fignificationem,
1572 425 1611 478 ut
1626 407 1782 482 ostende·
1807 482 1809 486 Α
1848 500 1853 507 ἡ

239 543 292 592 res
309 515 467 589 Graecae
491 509 631 610 linguae
653 506 811 605 peritiam
838 502 1072 602 singularem,
1098 502 1134 573 id
1158 525 1200 572 ex
1225 502 1364 574 Graeco
1390 508 1498 578 verbo
1524 511 1698 580 Sensese'vea
1722 507 1781 581 de‘·

238 615 385 690 dudum
399 610 555 697 docens,
583 609 620 678 in
640 606 841 696 dodiffimum
856 606 995 696 alioquin
1021 598 1167 690 (idest,
1193 599 1215 670 sr
1233 601 1401 674 aGraecis
1417 604 1523 676 literis
1539 605 1685 692 discedas
1702 633 1708 677 ι
1732 618 1782 680 m.

241 729 408 810 terpretem
431 707 563 804 Eusedii
586 703 792 798 Caefitriensts
815 704 1029 772 comenenrerii
1053 707 1087 770 in
1105 701 1279 794 Psalmis,
1315 703 1370 792 (id
1395 703 1442 772 esl
1459 710 1555 775 steen.
1576 710 1783 794 emeetrsaneo·
1868 717 1877 740 ⁸

243 818 348 891 nium)
370 808 495 906 slylum
514 803 671 900 stringis,
698 804 758 897 qui
777 800 846 871 hoc
861 799 1005 869 verbum
1022 820 1083 894 per
1100 800 1197 883 dare,
1223 823 1293 868 non
1310 803 1435 871 reddere
1454 804 1568 874 vertit.
1596 805 1662 875 Sed
1678 829 1781 912 quam

245 909 415 1011 plumbeo
431 903 546 1005 gladio
556 925 636 972 eum
654 897 855 987 confodias,
867 896 935 995 ipse
952 898 1076 967 vindex
1087 895 1510 994 dodlisstmuss'criptorum
1527 900 1664 974 suorum
1680 903 1782 974 sacile

143 1021 147 1028 ⁴
272 1008 358 1078 osset
366 1001 632 1092 ossendere,nos
649 1021 732 1068 vero
743 995 907 1067 lestorem
922 1015 1056 1065 tantum
1075 995 1277 1080 docebimus
1289 1048 1300 1084 ,
1311 1000 1376 1069 tria
1391 996 1445 1067 illa
1461 1021 1614 1070 veterum
1632 1001 1781 1091 loca,ex

243 1034 397 1178 l³latone
411 1102 504 1190 duo,
530 1098 564 1168 ἃ
579 1120 621 1168 ex
640 1093 839 1167 Themistio
856 1117 964 1164 unum
984 1142 993 1177 ,
1021 1092 1144 1187 quibus
1162 1091 1238 1163 solis
1258 1098 1390 1183 uteris,
1418 1119 1452 1168 te
1471 1097 1620 1168 iuratum
1645 1099 1710 1168 esse
1736 1125 1780 1170 ex

253 1202 417 1300 Stephani
431 1195 605 1284 Thesauro
621 1192 776 1266 Graecae
793 1191 949 1286 linguae,
977 1193 1035 1284 qui
1054 1190 1089 1260 ὃ(
1107 1189 1282 1262 Budaeum
1301 1194 1434 1284 laudat,
1459 1196 1495 1265 &
1515 1196 1627 1268 multo
1644 1197 1781 1271 doctius

252 1300 297 1372 de
314 1303 383 1370 hoc
402 1295 505 1369 verbo
522 1290 682 1392 disputat.
709 1288 766 1361 Ex
783 1288 918 1358 duobus
929 1289 1061 1358 Latinis
1078 1291 1244 1386 exemplis
1258 1313 1278 1361 e
1294 1290 1466 1364 Cicerone
1483 1293 1519 1363 ἃ
1537 1295 1672 1387 Plinio,
1697 1296 1782 1367 alte·

244 1421 321 1469 rum
340 1396 531 1492 Stephanus
549 1393 587 1462 in
602 1386 782 1462 Thesauro
802 1387 933 1457 Latino
951 1385 1014 1455 tibi
1031 1383 1260 1481 suppeditavit
1278 1416 1285 1458 :
1313 1390 1392 1461 vide
1411 1415 1512 1487 quam
1533 1389 1640 1463 facilis
1658 1394 1723 1465 tibi
1741 1394 1781 1466 srt

245 1493 343 1566 labor
359 1514 455 1565 notas
471 1489 668 1576 exstruere,
695 1485 731 1556 &
745 1484 828 1555 alios
846 1506 995 1581 carpere.
1025 1483 1189 1555 Potuisses
1207 1508 1332 1582 augere
1347 1508 1442 1561 tuam
1458 1510 1576 1561 notam
1596 1515 1640 1562 ex
1652 1493 1782 1564 Salma-

245 1589 283 1664 sri
300 1591 428 1664 Exere.
446 1589 592 1661 Plinian.
609 1607 677 1684 pag
705 1605 740 1677 4.
759 1583 825 1654 Ed.
842 1582 936 1654 Ultr.
961 1581 1015 1652 sed
1033 1605 1095 1653 cur
1110 1607 1180 1653 non
1195 1582 1376 1677 addidisti,
1400 1587 1529 1659 reddere
1545 1587 1610 1658 esse
1628 1615 1784 1681 narrare,

268 1713 315 1761 uo
340 1708 379 1760 tu
404 1688 508 1760 toties
517 1707 672 1779 ,exponere
688 1682 799 1752 notari
822 1705 883 1751 nos
899 1678 1069 1751 docuisti?
1095 1682 1176 1776 quia
1190 1682 1318 1754 scilicet
1332 1684 1367 1753 id
1384 1688 1497 1756 omnia
1519 1691 1625 1757 sexicn
1641 1687 1785 1780 habent,

243 1713 396 1858 belocus
412 1787 554 1858 Horatii
571 1807 590 1854 a
605 1801 641 1853 te
655 1778 820 1851 addussus
834 1803 871 1849 ir.
890 1779 960 1849 Sat.
975 1801 1052 1848 vin.
1070 1801 1089 1847 a
1106 1799 1140 1848 te
1162 1781 1293 1875 exponi
1309 1780 1474 1854 debuisset
1489 1785 1595 1855 aliter.

293 1885 379 1983 Pag.
399 1893 481 1978 361.
499 1905 533 1953 n.
555 1902 610 1951 η.
628 1902 708 1951 cum
728 1875 835 1947 sensus
852 1900 923 1947 non
939 1876 1100 1962 constet,
1133 1899 1235 1972 quem
1260 1901 1327 1976 ego
1352 1904 1454 1951 unica
1480 1884 1586 1950 modo
1612 1883 1708 1954 litera
1723 1906 1785 1954 ex·

245 1982 397 2082 punsia,
422 2004 487 2077 pro
503 1984 628 2066 rarius,
653 1999 748 2047 rarus
762 1973 928 2071 legendo,
954 1983 1109 2070 apertum
1127 1976 1294 2065 feceram,
1311 1977 1393 2067 Tu,
1411 1979 1470 2075 qui
1487 1976 1667 2074 saepissime
1682 1982 1785 2053 auda·

243 2103 301 2152 ces
315 2079 503 2151 admodum
519 2071 735 2174 conjcsiuras
749 2073 895 2144 aliorum
915 2096 949 2143 tn
967 2092 1171 2143 contextum
1190 2072 1393 2161 inseris,hlc
1413 2101 1451 2148 ut
1470 2078 1553 2148 mihi
1570 2082 1787 2175 obloquaris,

246 2177 279 2250 se
307 2199 379 2250 tem
397 2176 534 2248 codices
546 2171 778 2245 bibliothecae
792 2173 927 2270 Regiae
944 2169 980 2241 ὃ(
995 2189 1145 2265 quatuor
1160 2171 1383 2243 Colbertinae
1404 2191 1511 2272 (quos
1530 2175 1691 2271 nusquam
1715 2178 1785 2249 sere

249 2203 413 2362 adducis)
440 2292 475 2345 te
499 2268 698 2344 consuluisse
727 2268 762 2340 ὃ(
788 2267 898 2364 ipsum
926 2269 1028 2339 etiam
1052 2267 1271 2340 Londinense
1287 2271 1480 2343 Oraculum
1500 2321 1510 2356 ,
1534 2279 1589 2343 cui
1618 2276 1784 2369 praesidet

249 2379 451 2444 Maitrairus
469 2391 571 2458 tuus,
590 2366 704 2439 adiisse
718 2365 844 2465 jadias,
860 2387 899 2438 ut
914 2389 970 2437 me
987 2364 1116 2438 scilicet
1130 2368 1267 2439 unicam
1282 2369 1452 2443 litetulam
1471 2372 1675 2467 ejicentern,
1692 2370 1785 2443 resu-

249 2491 358 2556 taress
384 2467 440 2541 sed
455 2467 578 2538 vellem
596 2463 696 2536 simul
712 2464 925 2535 tolerabilem
942 2462 1069 2534 sensum
1086 2464 1167 2535 loco
1184 2465 1412 2553 conciliasses,
1430 2459 1683 2564 &exemplum
1704 2495 1786 2566 pro·

252 2565 399 2638 duxisses
416 2563 532 2637 similis
546 2563 734 2635 locutionis
751 2562 834 2633 huic
852 2612 865 2652 ,
899 2568 953 2657 qni
966 2562 1107 2651 jndicem
1130 2583 1239 2655 rapere
1253 2563 1322 2642 &e
1339 2566 1462 2655 siffis,
1494 2572 1602 2636 rarius
1616 2565 1789 2658 fecithoc

252 2685 323 2736 erat
339 2664 511 2762 agendum
523 2689 531 2733 :
543 2661 597 2732 sed
613 2661 757 2731 recurris
770 2659 831 2749 ad,
849 2659 961 2730 nescio
979 2657 1222 2757 quas,ellipses
1240 2679 1332 2749 tuas,
1343 2659 1449 2748 &,ut
1467 2663 1657 2757 Syntaxeos
1673 2668 1789 2755 ratio,

249 2786 351 2860 quam
367 2760 436 2861 ipse
451 2759 607 2832 constare
624 2781 751 2856 negas,
778 2757 888 2853 posset
901 2754 1019 2845 reddi,
1045 2753 1156 2829 censes
1175 2757 1321 2856 suppleri
1338 2758 1458 2855 posse,
1483 2769 1588 2832 rarius
1600 2760 1673 2854 fait
1693 2763 1785 2833 Ore·

248 2879 345 2934 torem
365 2865 512 2932 invenire.
563 2856 630 2930 Sed
648 2856 740 2926 unde
756 2855 812 2925 illa
828 2854 899 2926 dud
914 2856 1037 2928 ultima
1051 2854 1153 2926 verba
1170 2857 1293 2953 repetis
1313 2863 1327 2926 ,Ρ
1352 2880 1433 2927 cum
1452 2881 1515 2929 nec
1531 2861 1566 2928 in
1582 2857 1785 2930 anteceden-

253 2956 348 3028 tibus
364 2957 591 3053 reperiantut,
617 2977 681 3024 nec
696 2953 756 3022 ulli
774 2951 851 3022 sano
870 2951 1057 3049 persuaderi
1077 2949 1201 3049 possit,
1227 2953 1308 3024 tales
1332 2977 1484 3051 unquam
1512 2954 1610 3026 fuisse
1633 2954 1791 3028 admissas

255 3051 390 3149 ellips'es.
416 3053 561 3125 Miseret
578 3075 635 3123 me
653 3051 726 3138 tui,
753 3048 1034 3146 Capperonneri,
1060 3052 1120 3147 qui
1135 3073 1174 3123 ut
1191 3044 1328 3124 futilem
1345 3074 1486 3143 notam,
1512 3078 1579 3151 qua
1597 3077 1654 3124 me
1671 3055 1785 3153 impu·

249 3173 395 3248 gustes,
420 3175 464 3222 ex
481 3150 573 3222 arida
590 3148 705 3220 critici
720 3149 848 3245 ingenii
864 3172 949 3221 vena
966 3149 1195 3243 exprimeres,
1221 3169 1276 3219 tot
1295 3149 1583 3221 movistiflusius.

299 3250 382 3345 Pag.
403 3271 472 3345 370
491 3273 525 3318 n.
540 3268 594 3342 15.
613 3246 673 3317 ubi
689 3245 874 3342 legendum
890 3244 1119 3341 conjiciebam
1130 3245 1171 3314 de
1181 3242 1374 3336 Cicerone,
1385 3250 1485 3316 minna
1501 3249 1633 3339 objeesus
1642 3249 1722 3340 jocis
1732 3274 1786 3323 cn·

247 3351 472 3421 somniantium
482 3346 581 3440 foret,
592 3369 671 3417 cum
681 3342 1018 3440 nihiladducas,quo
1034 3343 1209 3414 meliorem
1220 3341 1401 3415 sessionem
1411 3362 1446 3415 te
1457 3344 1786 3445 proferrepossedo·

252 3468 347 3532 ceas,
363 3444 527 3541 obgannis
543 3445 608 3514 hac
621 3442 889 3530 exclamatione,
910 3450 977 3535 quis
993 3435 1142 3535 nmquam
1149 3439 1252 3534 fando
1268 3443 1396 3513 audivit
1413 3447 1668 3515 calumniantium
1672 3448 1791 3538 jocos?

254 3545 305 3613 At
323 3539 346 3610 fi
363 3540 492 3637 legisses
508 3543 592 3612 And.
608 3542 727 3611 Stheni
742 3539 924 3627 libellum,
957 3563 1028 3635 quo
1046 3538 1255 3609 Ciceronem
1274 3564 1293 3610 a
1308 3538 1499 3611 Calumniis
1516 3541 1667 3612 vindicat
1684 3592 1697 3631 ,
1723 3545 1785 3638 qui

250 3661 345 3710 nrinc
362 3661 470 3710 novae
484 3637 627 3709 editioni
648 3635 949 3708 Amstelodamensr
965 3635 1014 3706 est
1031 3634 1350 3731 additus,magnam
1369 3639 1505 3731 copiam
1519 3641 1681 3731 jocorum
1696 3664 1783 3712 aca-

249 3735 701 3834 lumniantibusjaslorum,
725 3736 918 3831 praesertim
938 3735 973 3804 in
989 3736 1061 3830 eius
1076 3732 1317 3822 dicacitatem,
1340 3735 1383 3806 de
1396 3759 1462 3831 qua
1478 3734 1536 3808 hic
1551 3738 1624 3834 agit
1638 3735 1787 3831 Fabius,

246 3833 430 3929 reperisses.
448 3854 486 3905 ut
502 3836 767 3926 Catonis,qenm
781 3836 950 3905 ridiculum
968 3831 1130 3926 Consulem
1145 3831 1368 3905 habemns&
1384 3836 1781 3931 aliorum,quibus,‘e0n-

243 3930 362 4028 [talaris
371 3930 504 4026 scurra,
515 3936 597 4004 veser
612 3930 779 4023 confideris
796 3930 1145 4027 appellabatur,quae
1158 3954 1229 4029 cap.
1247 3952 1279 4101 p.
1297 3930 1332 4001 ὃ(
1349 3941 1385 4003 6.
1400 3931 1558 4004 recenset.
1584 3936 1641 4003 An
1658 3933 1692 4003 hi
1705 3935 1783 4028 joci

254 4052 322 4100 non
340 4049 436 4100 erant
452 4027 677 4100 Calumniae?
694 4029 825 4100 Autan
841 4027 1113 4100 Calumniatores
1128 4053 1197 4100 non
1211 4028 1245 4100 so
1260 4027 1359 4101 ebant
1378 4032 1413 4100 in
1431 4032 1635 4101 Ciceronem
1649 4031 1786 4130 jocari?

255 4125 310 4198 Sic
318 4125 440 4197 eodem
453 4128 630 4224 jureapud
642 4124 833 4198 Phaedrum
852 4125 908 4197 lib.
923 4123 1100 4223 111.cap.8.
1109 4131 1276 4220 gloriantis
1278 4128 1364 4217 jocos
1378 4128 1488 4225 posses
1506 4129 1665 4225 rejicere,
1676 4127 1800 4202 &ex-²

255 4223 396 4296 clamare
418 4227 493 4320 quis
515 4247 679 4323 umquam
696 4224 828 4310 audivit
838 4229 1043 4322 gloriantium
1050 4223 1170 4315 jocos?
1194 4222 1229 4293 ὃ(
1247 4224 1386 4320 prolog.
1399 4225 1458 4295 lib.
1481 4247 1536 4296 tt.
1554 4232 1718 4300 narrentis
1726 4231 1781 4322 jo·

250 4346 329 4393 cnm.
379 4322 445 4394 Sed
461 4346 503 4392 an
517 4326 710 4419 producere
723 4322 788 4393 tibi
805 4345 911 4419 cogar
927 4323 1043 4392 locum
1058 4317 1233 4415 aliquem,
1264 4320 1323 4390 ubi
1336 4323 1430 4412 jocus
1451 4327 1671 4397 calumniantis
1697 4328 1782 4398 toti·

250 4418 328 4489 dem
347 4418 459 4488 verbis
475 4422 660 4492 occurrit?
696 4421 779 4492 Hoc
798 4421 904 4491 modo
924 4419 947 4492 sr
967 4438 1087 4514 agatur
1104 4440 1184 4488 cum
1203 4417 1336 4509 literis,
1370 4422 1544 4519 periimus.
1569 4448 1645 4495 nam
1670 4421 1780 4494 sasen-

247 4518 297 4587 sui
313 4515 495 4585 communi
513 4562 524 4601 ‚
558 4514 581 4585 st
597 4520 720 4588 rationi
739 4520 877 4617 linguae
890 4517 1033 4593 Latinae
1052 4539 1123 4586 non
1137 4535 1308 4612 repugnat
1323 4518 1458 4601 locutio
1476 4572 1489 4612 ,
1523 4524 1627 4592 credo
1643 4520 1716 4589 satis
1733 4520 1781 4590 sa·
1806 4589 1809 4595 .

248 4611 346 4686 &um
371 4608 436 4682 esse
458 4609 635 4702 cordatis,
663 4611 748 4686 fatui
769 4640 853 4692 vero
871 4617 947 4716 plus
972 4617 1112 4713 exigere
1137 4611 1269 4714 semper
1283 4634 1479 4712 poterunt,
1502 4643 1603 4716 quam
1621 4617 1788 4714 sapientes

1690 4739 1790 4815 prae·
