4064 5558
246 275 302 381 56
482 264 536 375 ¹P.
584 262 1067 369 BURMANNI
1110 263 1542 365 EPISQOLA

248 422 313 493 rim
325 442 448 519 ,quam
461 419 676 517 provinciam
692 418 778 491 mihi
793 440 934 491 menon
951 414 1098 491 sumsisse
1107 419 1181 515 jam
1195 436 1293 489 antea
1309 415 1403 517 saepe
1415 420 1596 497 declaravi.
1620 422 1695 499 Cur
1708 448 1781 503 non

249 520 310 590 Tu
325 542 465 615 quoque
480 514 582 589 semel
596 514 761 589 monuisse
777 535 982 608 contentus,
1008 516 1067 587 has
1084 534 1182 587 notas
1201 519 1369 589 aTornebo
1387 518 1555 615 profonas
1571 523 1779 617 pontiden,

247 612 285 686 δί
295 614 392 689 fuisse
408 616 526 689 multis
541 616 644 688 etiam
653 614 794 686 maculis
810 614 982 695 foedatas,
993 620 1117 705 (utnec
1133 636 1321 699 meae,nec
1338 634 1416 686 tuae
1430 617 1494 687 hac
1509 616 1584 689 labe
1595 626 1725 707 carent)
1736 624 1780 697 ad

248 715 387 812 majoris
402 714 571 786 momenti
587 713 688 783 verba
706 710 743 783 &
762 736 813 783 res
827 710 1070 809 explicandas,
1094 708 1136 781 ad
1149 709 1227 781 loca
1247 709 1366 783 vitiosa
1380 710 1417 783 &
1432 714 1602 812 desperata
1617 714 1780 813 sananda,

247 830 282 883 te
299 810 506 885 contulisti?
532 809 638 884 Certe
657 808 854 906 pudendum
871 808 948 898 est,
981 809 1267 881 commentarium
1286 828 1356 880 tam
1374 811 1560 908 magnifica
1575 813 1783 912 voluminis,

245 909 482 997 camsterum,
509 907 546 980 ὅ(
563 908 701 980 chartae
725 908 893 1007 elegantia
913 904 1083 978 edendum
1106 904 1185 977 dare
1200 905 1475 1005 Typographo,
1509 911 1570 1009 qui
1593 912 1723 1005 nobis,
1753 916 1782 990 si

245 1006 442 1080 diuturnior
459 1006 545 1078 lucis
561 1002 757 1103 contigisset
775 1004 891 1095 usura,
915 1005 1114 1097 Stephanos,
1140 1005 1307 1075 Plautinos
1327 1055 1340 1095 ,
1363 1008 1574 1099 Eizevirior,
1597 1006 1667 1081 &e
1685 1033 1782 1085 retu·

245 1104 331 1176 iisset
349 1154 361 1195 ,
388 1105 425 1176 &
440 1126 533 1175 nunc
556 1106 628 1202 ejus
654 1100 777 1174 viduae
800 1101 871 1199 spes
896 1102 943 1174 ita
958 1100 1100 1193 fallere,
1125 1121 1166 1173 ut
1183 1101 1285 1171 rantis
1299 1100 1459 1197 impenfis
1473 1106 1585 1179 editus
1598 1105 1724 1181 Fabius
1737 1110 1783 1183 ad

245 1202 398 1274 tabernas
413 1199 736 1273 salsamentariomm
750 1200 898 1299 migrare
914 1222 1072 1298 cogatur.
1122 1198 1286 1293 Denique
1299 1222 1387 1295 quae
1413 1199 1497 1276 haec
1511 1202 1705 1303 Theologo
1722 1206 1778 1279 di·

245 1324 316 1409 gna
341 1300 390 1372 est
405 1296 622 1389 invidentia,
647 1298 930 1395 Typographum
955 1321 1070 1369 meum
1093 1293 1219 1367 lucello
1239 1295 1420 1386 fraudare,
1446 1298 1483 1370 δε
1508 1300 1714 1398 spoliando,
1738 1302 1779 1378 ὃ(

246 1397 392 1469 iurando
413 1397 555 1487 omnia,
579 1418 665 1493 quae
681 1418 737 1468 me
751 1394 891 1467 auctore
909 1394 950 1466 ad
969 1394 1159 1467 ornandum
1173 1392 1319 1465 Fabium
1346 1392 1495 1466 conferri
1513 1421 1713 1491 curaverat,
1738 1400 1778 1476 &

245 1508 332 1593 quae
348 1519 454 1594 porro
469 1517 548 1565 meo
571 1490 745 1565 sudore&
768 1495 842 1583 ejus
868 1490 1027 1591 impensis
1050 1490 1120 1563 stne
1138 1488 1205 1561 ulla
1221 1511 1280 1561 tua
1302 1491 1455 1564 molestia
1480 1496 1661 1594 congestae
1682 1520 1778 1573 erant

244 1594 354 1664 variae
365 1592 529 1665 lestiones
548 1590 584 1662 ὅ(
600 1611 716 1677 notae,
731 1591 766 1661 in
783 1587 858 1663 usus
871 1594 971 1679 tu'os,
998 1588 1036 1661 δε
1053 1587 1391 1660 commendationem
1409 1613 1518 1663 novae
1530 1596 1690 1667 editionis
1704 1594 1774 1669 sur·

241 1690 353 1801 ripere
370 1741 382 1781 ,
409 1689 446 1763 &
465 1688 564 1761 srmul
578 1712 634 1759 me
651 1692 830 1785 meamque
842 1686 1030 1761 editionem
1047 1684 1238 1758 infamare?
1263 1684 1363 1779 Qrid
1380 1685 1420 1759 stt
1435 1680 1550 1761 omitia
1558 1694 1637 1789 jura
1654 1691 1775 1766 huma·

243 1790 360 1860 nitatis
375 1788 523 1879 violare,
548 1785 610 1859 nist
628 1786 697 1859 hoc
715 1784 783 1875 fit,
808 1784 921 1857 nescio
972 1782 1039 1857 Sed
1056 1784 1268 1879 querelarum
1280 1783 1449 1880 justarum
1468 1784 1574 1859 finem
1590 1786 1774 1885 faciamus,

243 1883 280 1956 &
303 1885 382 1983 post
397 1910 505 1958 unum
533 1886 722 1958 alterumve
746 1883 781 1955 in
805 1882 889 1955 alios
911 1882 1016 1957 etiam
1033 1900 1322 1954 commentatores
1346 1883 1544 1980 ineptarum
1562 1886 1776 1961 criminatio·

240 2003 325 2053 num
340 1982 538 2079 exemplum
556 2032 568 2072 ,
594 1981 635 2053 ad
650 1981 713 2053 alia
727 1978 940 2052 transeamus.

291 2078 410 2172 Qtam
429 2078 611 2175 indignum
629 2077 669 2150 fit
684 2077 843 2167 literato,
860 2076 898 2148 &
914 2076 976 2172 qui
990 2073 1022 2147 se
1036 2074 1179 2149 doetum
1198 2074 1405 2173 profitetur,
1417 2077 1691 2179 homine,quam
1706 2080 1773 2155 illi·

239 2174 353 2249 berale
369 2176 406 2247 &
425 2178 651 2249 inhumanum
667 2174 750 2247 alios
772 2197 911 2273 carpere
927 2173 974 2246 ob
994 2172 1157 2247 leviffirna
1170 2176 1274 2247 etiam
1294 2173 1337 2246 ab
1361 2176 1475 2271 operis
1488 2176 1774 2277 Typographicis

242 2273 439 2368 commissa,
463 2296 568 2347 nemo
584 2272 806 2345 humanitatis
818 2294 952 2344 mernor
967 2268 1227 2344 diffitebitur:s1
1244 2270 1337 2342 enim
1354 2272 1422 2346 hoc
1440 2278 1581 2347 nomine
1597 2280 1634 2350 in
1652 2300 1773 2351 omnes

240 2372 338 2444 nullo
353 2369 546 2443 discrimine
561 2367 686 2443 saevire
700 2368 864 2444 ferociter
880 2369 983 2441 liceat
999 2419 1012 2459 ,
1062 2369 1112 2439 uis
1130 2418 1142 2458 ,
1168 2364 1290 2464 quaeso
1306 2418 1318 2459 ,
1345 2368 1521 2443 mordaces
1538 2373 1774 2471 malignorum

239 2469 357 2542 dentes
370 2466 440 2541 effu
469 2492 523 2540 cre
540 2465 766 2565 poterit?Sed
781 2489 824 2540 eo
834 2467 968 2563 turpius
977 2393 1168 2538 ceniebitur
1184 2464 1313 2537 sicinus
1323 2516 1336 2555 ,
1346 2464 1370 2537 fi
1380 2467 1528 2541 editores
1543 2468 1647 2569 longe
1659 2468 1701 2543 ab
1711 2472 1774 2545 illa

240 2567 343 2661 culpa
357 2567 419 2639 abe
446 2566 506 2640 ese
522 2565 668 2663 probare
682 2562 807 2663 possint
818 2564 918 2663 :Ego
926 2564 1017 2635 enim
1027 2562 1129 2652 ,licet
1139 2562 1324 2635 hicteillic
1340 2563 1502 2637 aberrasse
1510 2590 1621 2640 meam
1629 2591 1771 2643 manum

238 2665 358 2740 lubens
381 2663 575 2753 confitear,
601 2685 717 2736 tamen
739 2660 839 2737 facile
859 2664 974 2759 aequis
989 2660 1173 2735 ledloribus
1188 2656 1422 2755 persuadebo,
1447 2664 1621 2761 plerasque
1644 2664 1771 2739 editio·

240 2764 292 2835 nis
307 2786 401 2835 meae
418 2762 557 2835 mendas
570 2759 607 2832 ὅ(
622 2760 737 2849 vitia,
770 2782 857 2857 quae
870 2782 915 2857 pa
943 2814 950 2829 .
969 2782 1027 2830 21.
1041 2756 1263 2831 Praefationis
1287 2776 1364 2830 tuae
1384 2759 1443 2832 lon
1471 2787 1494 2832 o
1510 2764 1630 2869 ordipe
1652 2786 1771 2837 recen·

238 2858 312 2949 ses,
341 2882 441 2933 exeo
458 2881 583 2958 genere
598 2856 690 2946 esse,
724 2874 763 2929 ut
778 2854 866 2929 mihi
880 2783 1022 2929 adieribi
1045 2872 1242 2953 nequeant,
1276 2853 1339 2927 nifi
1355 2784 1505 2929 caviliari
1522 2857 1771 2935 &calumniari

239 2957 407 3031 voluerit:
436 2957 617 3053 praecipua
635 2952 766 3049 iudicio
780 2952 918 3027 ledtoris
937 2954 1146 3049 permittam.
1170 2974 1248 3051 pag.
1262 2959 1346 3046 653.
1363 2976 1471 3047 n.41.
1488 2956 1526 3027 in
1541 2958 1650 3055 Regii
1666 2978 1770 3053 nota,

239 3074 280 3129 ut
298 3054 363 3128 tibi
376 3051 502 3152 species
516 3042 637 3148 aliqua'
645 3074 770 3122 novam
787 3070 927 3140 notam,
942 3048 998 3121 sed
1013 3050 1193 3137 inutilem,
1219 3048 1401 3144 adjiciendi
1416 3052 1546 3144 detur,
1568 3056 1679 3153 carpis
1699 3055 1771 3157 legi

235 3158 352 3249 liquit,
375 3174 457 3225 cum
477 3148 694 3235 manifestum
712 3144 753 3219 sit
768 3146 930 3221 aberrasse
945 3147 1206 3245 typothetarum
1225 3168 1385 3233 uranum,
1410 3146 1554 3243 &liquet
1570 3150 1635 3222 esse
1651 3152 1772 3251 legen·

239 3250 322 3322 dum
341 3301 354 3340 ‚
378 3267 418 3321 ut
433 3248 502 3349 ipse
518 3252 638 3347 Regios
650 3241 785 3357 scripsit
803 3296 814 3333 ,
839 3243 934 3343 quod
951 3266 1011 3341 per
1027 3262 1062 3316 te
1078 3240 1205 3316 discere
1219 3242 1407 3341 potuisses,
1433 3245 1454 3315 fi
1475 3248 1630 3343 antiquas
1643 3249 1773 3327 editio·

239 3370 319 3438 nes,
343 3370 431 3444 quae
445 3348 518 3445 ejus
531 3368 629 3419 noras
645 3346 837 3431 exhibent,
862 3339 1089 3415 consuluisses.
1139 3340 1195 3411 An
1210 3362 1292 3410 uero
1310 3340 1379 3413 hoc
1396 3341 1623 3437 dissrmulasti,
1648 3368 1690 3421 ut
1705 3350 1776 3423 cri·

239 3447 377 3535 ticam,
403 3468 506 3541 quarn
532 3445 567 3516 in
581 3440 728 3515 Fabium
751 3440 899 3539 nequis,
924 3440 960 3511 in
982 3460 1113 3511 errores
1130 3437 1403 3609 tppographicos
1432 3462 1593 3513 notarum
1618 3442 1773 3521 stulte&

240 3542 418 3643 pueriliter
434 3538 637 3615 exerceres?
669 3538 761 3631 Qris
778 3538 872 3611 enim
897 3560 967 3611 non
990 3560 1110 3611 vanam
1134 3537 1145 3608 i
1172 3536 1463 3609 sollentationem
1487 3558 1582 3611 tuam
1597 3540 1772 3635 exfibilet,

239 3666 308 3737 qua
338 3664 381 3713 ex
405 3641 527 3715 Phoca
548 3638 791 3721 Grammatico
819 3635 922 3709 doces
945 3636 979 3707 w*
1000 3640 1097 3731 liquet
1122 3656 1236 3707 carere
1258 3636 1473 3733 praeterito,
1506 3655 1547 3708 ut
1569 3638 1701 3714 taedet?
1727 3662 1768 3713 an

238 3739 397 3837 Regium
416 3739 500 3810 haec
514 3755 679 3835 tangunt,
703 3735 764 3830 qui
780 3739 878 3828 liquet
891 3732 1022 3805 edidit?
1048 3732 1201 3831 Egregia
1214 3755 1299 3899 ergo
1318 3753 1401 3804 nota
1416 3732 1573 3822 Criricaa
1598 3732 1766 3811 CAETE·

237 3838 310 3909 RU
314 3843 362 3907 M
373 3840 405 3907 in
420 3833 587 3929 Raphoelis
601 3835 690 3933 Regii
704 3844 779 3905 nota
788 3846 847 3925 'pro
864 3842 907 3927 τῷ
918 3834 1012 3927 liquit
1027 3830 1186 3927 legendum
1201 3832 1247 3903 mi
1254 3834 1283 3901 ri
1302 3831 1431 3903 videtur
1446 3834 1553 3929 liquet.
1604 3832 1710 3933 Atqui
1722 3832 1772 3905 ita

240 3933 379 4031 Regius
394 3932 566 4007 exhibuit.

288 4032 373 4129 Pag.
388 4052 474 4129 475.
491 4056 523 4105 n.
538 4038 598 4118 69.
613 4028 650 4100 in
667 4025 859 4101 Colomefii
874 4047 992 4101 notam
1012 4027 1175 4102 criticum
1199 4026 1298 4125 agis,
1326 4024 1362 4097 &
1383 4049 1448 4123 pro
1469 4028 1709 4127 Ambibologio,
1735 4046 1778 4105 ut

240 4151 357 4204 tamen
377 4128 562 4203 Diomedes
579 4128 616 4200 &
635 4124 691 4199 alii
705 4124 893 4215 exhibent,
920 4127 1157 4222 AmpbiboIiom
1180 4122 1296 4221 (quod
1313 4121 1349 4193 &
1367 4122 1403 4194 in
1420 4124 1674 4223 Despauterio‚
1700 4128 1780 4203 Re·

270 4253 324 4319 ro,
339 4228 537 4301 Burmanuo
556 4227 592 4301 δε
609 4224 681 4299 aliis
697 4227 806 4325 carpis
854 4246 952 4325 .304.
966 4250 1001 4298 n.
1019 4241 1197 4323 539.455.
1213 4244 1247 4293 n.
1267 4245 1298 4293 1.
1323 4228 1408 4315 456.
1425 4245 1458 4293 n.
1475 4246 1532 4321 25.
1545 4246 1624 4323 579.
1640 4247 1675 4297 n.
1694 4233 1778 4325 263.

240 4250 372 4399 {ante
391 4346 426 4398 te
439 4326 556 4417 Vofflas
572 4326 632 4397 diu
647 4322 794 4418 fecerat,
822 4251 1072 4417 dertosanus,
1096 4320 1132 4393 ὃ(
1150 4318 1329 4413 Franciscos
1347 4320 1490 4411 Junius,
1515 4346 1603 4420 quos
1625 4347 1697 4397 non
1714 4348 1777 4398 no·

241 4424 379 4514 minas,
404 4421 441 4494 ὅ(
458 4422 568 4496 MSS.
581 4418 652 4493 sere
667 4447 784 4496 omnes
800 4422 965 4497 exhibere
985 4418 1255 4514 Amphibologiom
1271 4414 1427 4505 constat)
1449 4420 1631 4513 emendas,
1655 4422 1780 4496 deinde

236 4518 426 4597 ¹Diomedis
442 4519 582 4605 locum,
608 4519 644 4589 in
660 4540 729 4615 quo
745 4519 802 4589 ille
819 4520 977 4592 omiserat
992 4542 1117 4592 vocem
1135 4518 1291 4604 dicemus,
1308 4536 1394 4611 quae
1412 4514 1463 4587 est
1477 4519 1513 4590 in
1527 4517 1681 4592 editione
1698 4524 1784 4594 Put-

241 4618 347 4715 ¹schii,
373 4617 539 4719 corrigis,
556 4614 668 4714 &pro
686 4609 854 4709 necscias,
878 4614 974 4715 quod
989 4613 1105 4689 sanum
1125 4612 1358 4714 &egregium
1372 4612 1441 4707 est,
1466 4614 1600 4715 nescios,
1616 4619 1712 4718 quod
1728 4619 1787 4791 qiu
1879 4704 1884 4711 Ι
