4064 5558
516 281 1539 404 iocncaraertoisimitiuii.
1731 307 1784 423 ι]

239 464 411 557 sollicitus
437 459 582 549 haeres,
609 454 797 530 &laboras
820 454 855 528 in
876 454 1025 553 respmſss
1045 457 1089 532 ab
1114 464 1246 534 oraculis
1269 459 1530 562 distinguendis.
1581 462 1630 538 Et
1654 466 1785 560 modo,

239 572 277 649 vl
301 566 440 643 oraculis
466 556 780 654 (lasinytipalinali)
807 553 843 626 id
865 553 914 626 est
935 578 998 653 per
1021 557 1166 631 modum
1197 560 1440 659 explicationis
1462 561 1664 663 adjeslum,
1689 568 1786 638 vele

239 693 316 746 aar
334 665 415 738 inali
440 654 620 759 (agnosco
655 655 807 728 Rhetori
834 655 1011 751 propriam
1035 655 1072 729 δι
1104 657 1301 732 technicam
1328 672 1479 748 vocem)
1502 664 1679 758 gloffernate
1704 665 1783 736 irre·

240 693 341 871 pfiise
355 759 544 862 suspicaris.
591 752 729 827 Deinde
754 751 796 823 de
821 755 1007 850 Augurum
1032 753 1286 854 Aruspicumve
1310 756 1474 854 responsis
1492 763 1612 835 videns
1633 764 1719 861 agi,
1745 763 1783 835 dc

243 866 404 944 dubitans
420 882 494 957 quo
510 876 547 929 te
563 849 903 943 verteres,delaberis
921 851 1058 925 tandem
1078 853 1119 926 ad
1128 855 1255 951 somnia
1273 856 1439 930 divinitus
1453 860 1617 949 immissa,
1633 850 1719 958 quae
1734 888 1785 935 re·

235 959 437 1068 spusadici
460 979 506 1029 ex
527 952 674 1052 vulgato
696 953 884 1046 interprete
896 950 1171 1049 Euangeliorum
1190 953 1360 1042 didicisti3
1382 955 1435 1027 sed
1452 981 1538 1054 quae
1557 982 1628 1029 non
1643 961 1747 1031 doces
1768 982 1788 1032 a
1872 1004 1877 1008 -

247 1058 420 1141 Romanis
430 1054 474 1130 ad
490 1050 714 1148 respublicas
728 1046 892 1148 gerendas
913 1045 1009 1146 saepe
1023 1050 1188 1125 adhibita.
1240 1053 1372 1127 Omnia
1387 1054 1519 1128 medius
1535 1054 1657 1129 fidius!
1684 1056 1790 1130 dosia·

251 1162 291 1237 dc
328 1161 407 1232 lena
418 1156 527 1230 variae
542 1149 733 1223 dosirinae.
786 1144 852 1218 Sed
869 1143 960 1218 forte
975 1167 1010 1220 te
1028 1148 1254 1223 flustuantem
1270 1152 1306 1224 in
1324 1154 1510 1250 tranquillo
1527 1154 1636 1228 Astere
1654 1154 1788 1254 potuis·

252 1257 301 1335 set
352 1253 445 1329 alerii
459 1249 609 1327 Maximi
637 1245 696 1318 lib.
724 1268 756 1317 ι.
773 1267 849 1340 cap.
870 1265 900 1314 i.
916 1267 959 1317 ex
977 1245 1149 1319 Cicerone
1165 1248 1237 1321 sere
1260 1252 1427 1348 repetitus
1450 1253 1578 1343 locus,
1611 1258 1669 1350 qui
1687 1278 1787 1327 omns

244 1355 451 1454 gerendarum
461 1372 566 1424 enam
580 1349 806 1429 austeritates,
824 1345 990 1435 Augurum
1005 1345 1236 1440 observatione,
1252 1352 1410 1441 Apollinis
1417 1352 1699 1442 prodientibus,
1726 1374 1790 1423 aa·

244 1471 316 1527 tarn
333 1453 452 1541 libris,
482 1462 699 1543 portentorum
720 1465 794 1543 pero
811 1441 995 1534 depulsores
1012 1442 1148 1538 Etrusco
1170 1446 1335 1540 disciplina
1358 1450 1532 1543 expliroiffe
1554 1451 1698 1545 maiores
1713 1446 1792 1522 suos
1888 1473 1889 1478 ’

223 1551 347 1643 dicit.
393 1546 499 1641 Quo
525 1543 652 1631 verba,
684 1538 936 1635 aliquantulum
960 1539 1100 1636 quidem
1118 1564 1137 1612 a
1155 1542 1337 1617 Ciceronis
1360 1542 1547 1638 distantia,
1581 1537 1695 1620 tamen
1719 1548 1792 1619 hoc

249 1645 388 1723 e'fficere
402 1644 563 1721 videntur
577 1692 591 1734 ,
616 1660 656 1714 ut
670 1638 758 1710 nihil
775 1634 934 1734 publicae
950 1640 996 1708 rei
1013 1639 1150 1738 majoris
1168 1644 1338 1716 momenti
1355 1666 1536 1743 gererent,
1569 1648 1652 1742 quin
1669 1646 1724 1719 vel
1743 1653 1788 1718 A·

249 1746 416 1847 pollinem
431 1742 667 1828 consulerent,
692 1739 791 1832 cujus
808 1732 958 1831 responsa
975 1759 1067 1808 vates
1083 1738 1322 1833 explicabant,
1347 1761 1388 1813 ut
1401 1764 1445 1814 ex
1463 1742 1617 1815 Historia
1635 1743 1734 1816 Bruti
1752 1743 1789 1814 dc

251 1846 368 1943 paucis
380 1842 456 1916 aliis
472 1857 590 1939 patet,
601 1837 655 1909 vel
672 1833 697 1907 si
716 1853 876 1929 portenta
890 1833 1152 1924 effent,Libros
1169 1838 1355 1934 Sibyllinos
1369 1841 1404 1910 in
1445 1840 1573 1913 icerent
1584 1865 1687 1932 ,cum
1704 1866 1790 1914 cori·

244 1943 398 2044 jesturae
421 1939 465 2013 de
491 1935 666 2012 ominibus
682 1933 781 2005 bonis
804 1950 869 2042 aut
887 1930 1013 2025 malis,
1046 1931 1082 2004 id
1104 1932 1180 2025 est,
1209 1958 1253 2008 an
1273 1936 1365 2035 signa
1380 1838 1504 2030 elssdnt,
1524 1962 1610 2037 quae
1625 1960 1790 2016 eventum

248 2039 452 2142 prosperum
475 2039 531 2110 vel
556 2031 730 2107 adversum
750 2048 1031 2141 promitterent,
1064 2029 1106 2103 ad
1124 2032 1283 2134 Augures
1303 2033 1490 2133 speilarent
1516 2036 1554 2108 δι
1573 2036 1791 2136 Haruspices.

243 2144 324 2235 Jam
342 2138 419 2236 quis
436 2155 541 2248 neget
559 2129 710 2227 Responsa
729 2128 821 2224 posse
836 2126 879 2199 de
903 2129 1065 2201 omnibus
1087 2129 1178 2203 reste
1201 2134 1271 2204 dici
1296 2184 1309 2224 ,
1343 2132 1381 2205 dt
1403 2134 1447 2206 de
1460 2135 1544 2227 diis,
1562 2137 1622 2234 qui
1645 2137 1791 2211 edebant

250 2238 414 2324 oracula,
431 2253 472 2306 ut
485 2253 533 2306 ita
547 2230 673 2303 Fabius
701 2249 778 2299 ιιι.
798 2249 834 2322 7.
859 2225 1001 2322 responsa
1017 2227 1053 2298 δι
1069 2233 1197 2300 oracula
1214 2231 1426 2320 confundit,
1460 2232 1496 2304 δι
1512 2231 1555 2303 de
1574 2235 1793 2329 hominibus,

251 2337 312 2434 ‘³¹¹³
330 2331 549 2504 “sibili
563 2324 770 2500 llitlssll
782 2324 963 2494 llllll
978 2325 1793 2522 Allllisllllll‘ll²i0llll⁰‘lllll·

251 2450 431 2604 redulleutrl
453 2455 578 2600 riferii
599 2523 731 2612 liceat,
764 2540 805 2592 ut
832 2446 1078 2617 praidiiiidiies
1103 2450 1277 2620 Apollinis
1300 2522 1367 2596 sint
1390 2530 1515 2598 nacula
1542 2479 1648 2623 (quale
1672 2458 1795 2602 milcher:

250 2630 355 2701 etiam
374 2626 513 2722 responsa
528 2618 721 2705 vocantur)
747 2617 890 2714 responsa
914 2616 980 2691 fint
1000 2639 1120 2692 vatum
1138 2622 1465 2718 interpretationes,
1500 2629 1605 2693 omina
1620 2646 1703 2696 vero
1719 2625 1793 2725 spe·

251 2722 348 2801 stent
363 2727 541 2823 Augures,
565 2722 625 2818 qui
642 2717 686 2788 de
702 2717 803 2787 coelo
820 2714 995 2790 servabant
1011 2715 1049 2789 ὃ(
1067 2719 1378 2810 renuntiabant,&
1399 2718 1695 2818 Haruspices,qui
1713 2746 1799 2798 exta

251 2821 498 2923 inspiciebant,
524 2819 564 2891 δι
583 2840 670 2916 quos
687 2838 772 2886 mox
787 2814 913 2888 Fabius
928 2836 1123 2890 memorat:
1151 2816 1299 2916 sicergo
1317 2825 1441 2892 nacula
1456 2817 1582 2891 dabant
1597 2816 1644 2889 dii
1661 2869 1674 2911 ,
1702 2844 1794 2898 vates

255 2918 509 2995 consulentibus
525 2916 780 3014 respondebant,
804 2911 887 3009 quid
903 2937 941 2985 ea
956 2913 1084 2987 vellent
1100 2965 1113 3007 ,
1138 2913 1174 2985 ὃ(
1191 2915 1255 3013 ipsi
1274 2918 1377 2989 etiam
1399 2917 1515 2990 futura
1532 2915 1802 3015 praedicebant,

259 3020 417 3116 Augures
431 3015 468 3088 δε
484 3014 690 3113 Haruspices
714 3009 881 3082 omina&
899 3029 1061 3109 portenta
1076 3014 1277 3108 conjiciebant
1299 3040 1306 3085 :
1341 3037 1419 3088 nam
1438 3015 1486 3088 ita
1500 3013 1570 3115 ipse
1585 3015 1712 3089 discere
1728 3043 1794 3114 po·

253 3134 304 3189 tes
319 3138 363 3186 ex
382 3113 462 3187 loco
477 3114 648 3188 Rhetoris
667 3110 823 3197 Graeci,
850 3133 953 3207 quem
969 3109 1109 3184 adducis
1131 3134 1209 3209 pag.
1232 3133 1313 3207 155.
1329 3139 1364 3185 ιι.
1385 3122 1441 3186 16.
1460 3114 1520 3186 ubi
1536 3112 1722 3204 parisina&
1739 3116 1793 3188 di·

253 3210 478 3311 stinguuntur
495 3212 690 3318 epilepsis.
741 3208 778 3279 Si
796 3208 893 3278 aliter
909 3208 1072 3306 potuisses
1094 3209 1329 3375 distinguere,
1354 3208 1463 3281 libens
1485 3234 1503 3281 a
1527 3229 1563 3282 te
1586 3208 1789 3286 didicissem.
1941 3216 1945 3223 “
1973 3236 1976 3245 ·

253 3311 353 3386 Nam
369 3310 499 3382 Cicero
516 3309 625 3382 tribus
639 3326 743 3378 etiam
760 3327 900 3376 omnem
918 3303 1122 3404 religionem
1144 3303 1187 3376 de
1216 3306 1268 3378 nit
1285 3304 1328 3376 de
1346 3305 1493 3404 Harusp.
1513 3306 1590 3380 Res
1607 3309 1697 3382 onsis
1714 3335 1790 3410 cap.

253 3432 290 3495 9.
318 3413 490 3504 Auguria,
509 3414 627 3480 Variam
643 3406 732 3477 libris
749 3454 763 3494 ,
787 3403 911 3500 quibus
927 3406 1083 3492 nacula,
1107 3400 1235 3494 idest,
1261 3404 1435 3502 Apollinis
1456 3333 1704 3503 praedidiones
1727 3434 1793 3482 eii-

251 3505 490 3604 plicabantur,
514 3503 550 3575 &
569 3502 699 3598 Ftrnsca
715 3501 877 3596 disciplina
887 3526 895 3571 :
905 3500 942 3572 dt
951 3500 1125 3598 Virgilius
1141 3502 1280 3574 oracula
1289 3503 1527 3601 Apolliiiis,ut
1545 3505 1697 3601 primurn
1711 3509 1786 3579 Re·-

250 3604 512 3703 ligioniscaput
530 3624 678 3699 ponens,
702 3615 816 3670 vatem
832 3600 879 3669 ita
895 3595 1056 3671 describit
1073 3596 1133 3671 lib.
1153 3623 1233 3672 ιιι.
1255 3621 1335 3697 359.

557 3695 560 3700 ’
719 3701 752 3768 isi
766 3701 896 3769 nurnine
911 3696 1054 3790 Phoebi,

537 3799 613 3899 ἐξω·
625 3699 785 3888 tepidas,
812 3799 916 3869 Clarii
927 3799 1057 3888 leutos,
1081 3799 1136 3892 qni
1144 3794 1380 3892 fidreasentis,

244 3946 247 3951 -
534 3898 755 3967 eivitatium
772 3896 894 3987 linguas
911 3895 952 3973 &⁷
965 3903 1124 3988 praepetis
1140 3899 1244 3968 onina
1255 3915 1384 3987 pennae.
1504 3925 1509 3936 ¹

247 3993 314 4071 eod
330 3994 417 4067 haec
428 3993 529 4066 nimis
544 3996 634 4084 alta,
655 3991 691 4062 &
708 3986 939 4103 periculosum
954 3991 1004 4063 est
1021 3993 1227 4065 intervenire
1249 3990 1383 4066 secretis
1401 3991 1595 4090 religionis,
1621 4014 1728 4090 quare
1740 3995 1791 4070 ad

247 4095 355 4192 inagis
367 4093 520 4191 vulgaria
543 4116 606 4163 nos
629 4090 850 4162 demittamne
869 4113 879 4158 τ
913 4089 961 4161 Et
983 4090 1066 4162 licet
1084 4090 1174 4163 hanc
1188 4091 1364 4189 religionis
1380 4110 1511 4187 partem
1536 4115 1676 4188 quoque
1692 4094 1734 4165 ad
1753 4094 1789 4167 se

252 4190 438 4265 Pontifices
459 4189 562 4262 vestri
583 4187 779 4279 traxerint,
809 4212 853 4261 an
876 4186 921 4260 de
945 4188 1189 4261 Romanorum
1214 4188 1440 4260 matrimoniis
1464 4207 1532 4279 tu,
1566 4190 1793 4268 Licentiatus

243 4289 481 4386 ‚Theologus,.
501 4311 580 4361 vera
593 4285 726 4361 tradere
740 4287 913 4384 potueris,
939 4285 1160 4359 vehementer
1175 4283 1396 4372 dubitamus5
1422 4283 1477 4357 sed
1494 4288 1679 4362 videamus.

292 4388 377 4485 Pag.
404 4408 488 4477 294.
512 4410 546 4456 n.
571 4395 652 4483 316.
677 4386 791 4459 libr.
813 4407 853 4456 ca
882 4441 889 4456 .
909 4407 963 4456 ιο.
987 4381 1131 4457 obscure
1161 4382 1350 4455 admodum
1376 4381 1498 4457 definis
1518 4387 1787 4462 matrimonium

233 4484 495 4580 confarreationis
508 4479 584 4551 fieri
599 4483 767 4574 solitum,
799 4409 891 4554 unde
907 4506 979 4554 non
1005 4482 1095 4554 clare
1120 4478 1185 4554 tibi
1207 4487 1280 4581 ejus
1306 4482 1473 4555 rationem
1492 4483 1699 4584 perspes'tam
1716 4487 1790 4558 esse·

242 4582 317 4655 suin
331 4578 526 4675 suspicatus.
577 4578 671 4659 Cum
686 4581 873 4655 Turnebus
895 4604 938 4653 etr
953 4579 1134 4653 Ciceronis
1150 4580 1284 4679 Topic.
1307 4605 1382 4677 cap.
1397 4605 1450 4654 ιιι.
1475 4580 1665 4673 sententia,
1697 4583 1780 4658 duas

244 4677 372 4776 specim
386 4674 588 4776 nuptiarum
604 4678 662 4779 issia
678 4675 717 4754 &
733 4685 914 4777 otimiano
928 4680 1079 4776 fecisset,
1102 4680 1164 4754 Tu
1180 4682 1241 4779 qui
1254 4680 1361 4756 etiam
1376 4681 1568 4756 Boethium
1584 4679 1700 4778 legisse
1715 4704 1785 4754 no·-

1726 4778 1924 4854 bii·
