4064 5558
497 310 591 397 an
640 296 1524 399 01..carr.nn.otvnnn1vn.
1729 322 1784 433 ⁶3·

239 470 309 566 sti,
337 491 412 545 non
432 466 526 543 enim
541 462 687 543 evadne
709 461 863 535 immites
877 478 951 533 tuas
964 478 1085 533 mantas
1106 458 1204 535 aliter
1217 462 1373 539 licuisset.
1420 469 1506 567 Pag.
1529 490 1634 557 1029.
1650 468 1719 547 Ed.
1735 496 1786 548 m.

238 572 445 667 raaefferett
466 592 532 667 pro
547 562 760 661 nausearent
781 560 937 632 aberrans
956 579 1078 631 manus
1088 556 1219 633 librarii
1234 560 1350 655 dedit,
1361 564 1425 639 Tu
1439 590 1523 640 vero
1538 591 1573 664 p.
1588 592 1675 665 710.
1693 569 1784 645 hanc

239 666 535 746 aGrammaeicae
549 661 743 763 praeceptis
755 656 1005 731 aberrationem
1030 654 1146 729 secure
1161 662 1387 755 praeteriisti,
1417 686 1500 737 eum
1522 686 1639 739 tamen
1660 688 1781 743 notam
1926 691 1929 699 ·

239 769 333 845 illam
349 790 463 841 meam
478 764 667 863 diligenter
681 753 854 833 excussisse
865 774 1051 853 appareat:
1084 778 1164 827 nam
1180 760 1368 834 maximam
1382 763 1456 861 eius
1479 783 1613 863 partem
1629 766 1783 841 invidisti

240 862 483 943 Parifienfibus
497 864 586 955 tuis,
595 882 660 933 nee
667 876 791 958 negare
798 850 1021 939 fastummec
1030 850 1127 925 ausus
1138 852 1323 931 defendere
1338 858 1514 934 delicatuli
1528 866 1781 939 oratoriasune-

239 966 313 1039 bris
328 983 456 1037 contra
466 962 562 1034 Fabii
612 972 769 1051 raoeepta
789 952 881 1025 inter
904 950 1099 1023 orationem
1125 976 1199 1025 non
1222 954 1412 1031 admodum
1433 959 1576 1059 longam
1591 961 1646 1035 bis
1659 963 1780 1037 biben-

239 1066 313 1155 tis,
345 1064 382 1135 dt
403 1060 517 1159 operis
531 1056 569 1131 dt
584 984 769 1129 liominum
790 1068 1036 1148 contemptum
1058 1046 1222 1138 fatentis,
1245 1052 1508 1129 confidentiam.
1558 1058 1665 1135 Certe
1681 1060 1781 1135 nobis

241 1160 361 1261 Belgis
376 1158 413 1233 id
429 1158 555 1229 mirum
569 1152 667 1226 firiffe
680 1148 790 1223 visum
805 1172 879 1222 non
899 1146 1069 1247 indignati
1083 1142 1280 1243 debuisses,
1315 1151 1398 1227 lieet
1411 1152 1604 1229 adsuescere
1620 1158 1673 1231 his
1692 1160 1781 1233 Gal·

244 1258 394 1331 lulorum
408 1254 611 1327 histrionum
626 1247 917 1322 ostentationibus
930 1248 1005 1343 jam
1021 1244 1248 1343 incipiamus,
1263 1250 1302 1323 bt
1315 1250 1375 1325 hic
1398 1254 1434 1325 in
1447 1252 1593 1353 Belgio,
1605 1254 1777 1331 Roscium

243 1354 423 1451 quemdam
448 1353 485 1423 in
505 1350 647 1423 theatro
667 1346 764 1421 sacro
782 1368 855 1419 non
875 1344 967 1417 inter
990 1342 1185 1415 orationem
1208 1346 1385 1423 bibentem
1413 1350 1591 1449 quidem,
1625 1350 1679 1425 sed
1706 1378 1779 1429 non

238 1469 374 1523 tantum
389 1448 517 1523 centies
531 1444 694 1533 sudatio,
725 1444 829 1517 instat
845 1463 990 1541 mappae
1003 1440 1164 1515 circenfis
1179 1492 1192 1535 ,
1224 1448 1342 1543 amplo
1357 1448 1396 1521 &
1410 1450 1589 1547 explicato
1601 1448 1778 1525 sudantem

239 1548 364 1621 faciem
383 1546 640 1637 deificantem,
664 1542 746 1634 sed,
778 1564 823 1613 ne
847 1538 976 1613 seilicet
990 1536 1113 1611 sudore
1128 1540 1222 1614 intus
1236 1543 1315 1618 asto
1331 1544 1467 1619 letalem
1484 1546 1647 1621 morbum
1664 1548 1727 1623 fibi
1742 1551 1781 1624 in

239 1648 295 1719 via
307 1646 550 1734 contrahere,
563 1647 599 1717 in
616 1640 687 1743 ipsa
699 1637 877 1714 Cathedra
892 1634 1069 1711 madidum
1082 1638 1225 1711 mutasse
1243 1641 1336 1715 ficco
1352 1642 1489 1717 indusio
1509 1696 1522 1736 ,
1546 1646 1711 1723 nostrates
1726 1652 1780 1721 vi·

239 1746 366 1817 derint.
416 1743 487 1819 Sed
501 1740 641 1817 sonasse
654 1742 693 1812 in
707 1740 775 1813 hos
790 1759 930 1825 mores,
980 1736 1086 1808 olitos
1105 1732 1295 1811 admodum
1321 1740 1359 1811 dt
1380 1742 1579 1841 elegantes,
1614 1747 1777 1843 paulatim

239 1843 547 1917 rusticitasBatava
559 1833 740 1929 transabit,
764 1836 853 1935 quae
864 1833 919 1907 dei
1002 1832 1088 1924 tibi,
1103 1832 1201 1931 quod
1212 1854 1285 1909 tam
1304 1836 1445 1913 illustria
1461 1840 1620 1939 exempla
1635 1844 1782 1917 resecare

242 1942 385 2035 audeas,
410 1938 660 2039 indignabitur.

293 2040 375 2114 Hac
389 2062 473 2113 veto
488 2044 525 2109 in
543 2054 639 2133 parte
663 2030 778 2131 operis
791 2028 964 2122 Fabiani,
996 2050 1128 2129 exque
1147 2032 1291 2109 ultimus
1315 2034 1375 2107 hic
1398 2034 1443 2107 de
1462 2037 1609 2111 oratoris
1624 2036 1780 2111 moribus

245 2136 283 2210 dt
301 2136 454 2237 gestibus
469 2135 568 2208 locus
582 2132 633 2207 est
645 2128 835 2222 adduelus,
859 2130 949 2203 vires
961 2148 1039 2201 tuas
1054 2130 1092 2203 bc
1106 2129 1300 2205 doblrinam
1315 2156 1455 2205 omnem
1469 2134 1641 2229 exserere,
1663 2135 1701 2209 dt
1719 2138 1784 2209 ubi

244 2238 288 2308 de
302 2235 588 2333 pronuntiatione
595 2228 819 2329 &dignitate
834 2229 985 2301 oratoria
999 2244 1072 2301 tam
1089 2232 1229 2330 egregia
1243 2229 1369 2303 dantur
1388 2253 1593 2331 praecepta,
1618 2236 1711 2305 notis
1726 2238 1780 2307 lu·

245 2334 390 2407 culentir
405 2332 444 2405 dt
458 2328 601 2404 eruditis
624 2324 826 2427 magistrum
841 2325 1060 2424 eloquentiae
1076 2326 1242 2402 illustrare
1258 2346 1471 2429 oportuerat.
1523 2330 1591 2405 Sed
1611 2354 1779 2427 praecon-

244 2430 426 2530 sumpseras
440 2450 562 2502 omnes
579 2428 614 2499 in
661 2428 712 2498 nii
727 2424 765 2497 dt
778 2422 956 2497 doetrinae
971 2446 1054 2519 opes
1068 2475 1081 2515 ,
1106 2426 1142 2499 in
1157 2426 1279 2525 figuris
1292 2424 1330 2499 ὃ(
1344 2430 1454 2525 tropis
1475 2428 1714 2527 exponendis,
1740 2430 1779 2502 ἃ

247 2530 321 2617 his,
346 2548 387 2601 ut
403 2528 524 2601 multis
536 2524 596 2599 vid
640 2542 766 2614 untur,
790 2522 931 2633 ineptiis
944 2522 1126 2597 traslandis
1141 2522 1179 2595 dt
1195 2523 1438 2619 retrablandis,
1461 2526 1510 2597 ita
1524 2526 1696 2625 depressus
1714 2528 1781 2601 tibi

243 2626 357 2703 fverat
371 2627 522 2715 animus,
545 2640 588 2697 ut
600 2621 644 2695 ad
660 2622 745 2695 haec
759 2619 921 2723 digniora
932 2620 1100 2717 respicere
1114 2644 1185 2693 non
1200 2622 1321 2719 poiseo.

295 2724 363 2801 sed
379 2724 457 2823 quis
472 2722 552 2837 finis
565 2721 632 2795 en't
649 2770 662 2813 ,
687 2720 828 2817 inquis,
852 2738 924 2791 tam
940 2714 1100 2791 verbosae
1114 2717 1296 2817 epistolae,
1320 2716 1437 2795 saltem
1454 2740 1582 2795 metam
1600 2721 1705 2822 hujus
1722 2751 1781 2800 ca-

244 2816 1571 3017 tilltutissimilt‘t“t‘n..l⁶.l⁰ts.⁶¹¹.⁶.‘taltimiltis?
1579 2820 1779 3032 aliialii?

248 3020 303 3089 tio
319 3016 380 3089 lib.
392 3037 444 3089 xr.
466 3014 560 3087 unde
573 3012 610 3087 bt
631 3014 723 3087 bona
737 3032 799 3087 tua
815 3008 928 3105 fides,
961 3008 1000 3083 dt
1022 3010 1164 3113 insignis
1187 3012 1375 3089 dexteritas
1395 3013 1435 3089 δί
1455 3012 1603 3091 sollertia
1619 3042 1655 3091 m
1670 3020 1782 3093 verbis

245 3115 329 3187 meis
348 3112 594 3213 corrigendis,
626 3110 665 3185 bc
680 3108 940 3209 pervertendis,
961 3132 1136 3377 Krete
1155 3110 1269 3209 podit.
1318 3114 1403 3279 Pasg.
1426 3138 1512 3211 701.
1536 3140 1571 3185 n.
1598 3122 1683 3185 226.
1710 3139 1781 3217 ego

243 3210 437 3285 censueram
454 3234 518 3311 pro
526 3210 685 3305 satietatis
702 3208 888 3307 legendum
903 3204 969 3279 elie
998 3212 1124 3280 altorio.
1171 3210 1255 3299 Tu,
1279 3209 1339 3305 qui

311 3311 425 3411 rigine
440 3306 663 3407 ineptiilimae
671 3304 769 3405 saepe
781 3304 945 3380 ledriones
1064 3302 1188 3379 dendm
1202 3303 1359 3404 suscipis,
1377 3304 1465 3379 nihil
1482 3306 1586 3383 habes
1600 3308 1696 3410 quod
1712 3314 1780 3385 mi·

272 3408 283 3479 i
299 3430 474 3507 opponas,
494 3402 559 3479 nisi
576 3402 673 3502 quod
688 3406 789 3477 unius
803 3404 936 3478 codicis
950 3406 1203 3479 Aineiovenioni
1221 3411 1346 3501 (quem
1365 3404 1495 3503 ubique
1508 3404 1580 3479 fere
1593 3406 1780 3503 infamasti,

246 3526 352 3605 quem
367 3504 542 3595 fallacem,
554 3502 648 3577 vitiis
662 3502 868 3597 scatentem,
884 3500 922 3573 δι
936 3500 1120 3600 indignum
1137 3502 1424 3599 pronuntiavisti,
1441 3502 1479 3574 ὃ(
1496 3508 1595 3599 eujus
1612 3504 1779 3599 infinitas,

243 3627 328 3701 quas
348 3626 393 3675 ex
417 3626 461 3675 eo
476 3598 726 3700 produxeram,
749 3602 856 3673 vatins
878 3596 1042 3673 lesliones
1056 3624 1110 3687 ¹ex
1126 3599 1280 3673 editione
1295 3622 1354 3672 tua
1372 3600 1546 3695 abiecisti)
1570 3600 1778 3677 austoritate

242 3703 375 3775 nitatur
387 3722 463 3773 mea
478 3696 677 3791 corres‘tio,
712 3721 794 3771 cum
818 3696 987 3772 tamen&
1001 3700 1116 3772 Vatiae
1130 3694 1257 3771 librum
1282 3696 1495 3771 advocassem
1513 3746 1527 3788 ,
1551 3696 1586 3770 ὃ(
1606 3696 1704 3772 fimili
1722 3702 1774 3774 lo-

241 3824 288 3913 co
301 3824 345 3873 ex
365 3799 436 3911 hoc
453 3796 529 3897 ipsu
541 3798 656 3895 capite
669 3848 682 3888 ,
695 3884 699 3893 ,
710 3798 769 3873 cui
783 3794 907 3871 addere
919 3796 1025 3911 alium
1043 3794 1164 3909 exlib.
1186 3819 1216 3868 r..
1235 3820 1310 3894 cap.
1327 3820 1377 3869 rr.¹
1395 3794 1432 3871 ὅ(
1458 3816 1557 3910 notar
1573 3798 1774 3911 Almelove·

242 3896 528 4071 titillatio
538 3892 817 4067 ssllllllli.
832 3894 1674 4090 fillslllsliu'l‘l‘²i‘a²¹lilllis{miili
1690 3920 1773 4069 il}

239 4090 359 4191 stupet
374 4110 472 4167 etant
485 4090 556 4167 fine
569 4116 671 4169 voce.
723 4092 798 4167 Hic
809 4096 880 4193 jam
895 4088 1001 4165 fidem
1016 4109 1113 4167 tuam
1127 4088 1302 4165 desidero:
1328 4118 1408 4165 nam
1426 4112 1467 4165 tu
1482 4089 1633 4163 solorum
1652 4098 1772 4167 Panto·

246 4195 407 4265 mant
424 4188 640 4283 meministi,
661 4207 704 4265 ut
718 4189 845 4287 species
860 4208 931 4263 tam
953 4190 1074 4287 puerili
1095 4190 1388 4287 argumentationi
1411 4186 1677 4281 conciliaretur,
1701 4214 1773 4291 ego

245 4289 379 4373 veroin
394 4308 503 4383 nota,
528 4312 633 4387 quam
648 4290 782 4388 carpis,
804 4288 971 4361 dixeram.
1022 4288 1159 4382 Respicit
1177 4290 1284 4361 mimos
1298 4286 1340 4367 iol
1351 4293 1578 4379 pantomimos:
1603 4286 1773 4365 debuill'es

240 4407 328 4485 ergo
338 4387 515 4461 ostendere
528 4393 637 4461 minos
656 4388 760 4461 etiam
774 4382 961 4480 frequenter
974 4438 986 4473 ‚
1000 4384 1204 4480 saenffims,
1228 4382 1340 4457 immo
1360 4380 1567 4481 feresamper
1587 4384 1658 4463 line
1679 4410 1770 4463 voce

239 4482 400 4559 salutasse.
450 4484 500 4557 Et
511 4480 637 4557 deinde
651 4482 794 4559 ridicula
808 4481 884 4558 sane
898 4484 970 4557 anti
996 4482 1112 4553 nitatis
1128 4480 1342 4578 ignorantia,
1359 4484 1548 4583 saltationes
1563 4486 1636 4560 illas
1653 4488 1769 4559 mimi-

239 4605 317 4673 cas,
340 4580 465 4656 similes
479 4579 679 4653 vestratium
694 4582 884 4678 puellarum
900 4581 938 4657 &
952 4508 1219 4655 adolescentium
1238 4580 1358 4676 fuisse,
1371 4580 1507 4658 censere
1523 4584 1666 4673 videris,
1683 4604 1775 4679 quae

198 4747 206 4761 .
237 4684 436 4756 imitatione
452 4682 586 4773 capitis,
607 4679 833 4775 denudatione,
848 4684 987 4776 flexione
996 4705 1157 4783 genesin,
1179 4682 1257 4779 pede
1268 4683 1602 4784 retrorfirorjotiato,
1621 4684 1685 4751 oris
1701 4702 1773 4875 opo-

1676 4800 1719 4849 aa
1733 4802 1777 4852 ae

1374 3208 1430 3279 oia
1453 3209 1541 3281 mihi
1564 3206 1778 3311 obloquendi
