4064 5558
242 280 295 362 ιι
471 267 523 358 e.
574 262 1047 359 nuituiinrsi
1102 258 1541 395 stisrona

125 501 131 510 .
241 437 367 536 pientia
386 488 397 527 ,
420 459 464 508 an
479 435 607 511 librarii
624 453 684 509 aut
698 432 902 508 comessoris
917 427 1052 528 lapsus,
1077 453 1120 502 an
1135 453 1229 502 novo
1245 429 1316 503 hoc
1334 483 1347 524 ,
1373 431 1411 504 δι
1426 456 1446 504 a
1460 431 1493 505 se
1507 459 1685 534 perperam
1702 437 1779 516 for·

173 552 176 559 '
243 557 338 608 mato
363 536 537 610 vocabulo
560 534 781 625 deledatus,
816 529 1045 701 illegsiiisquis
1070 528 1263 602 Graeculus
1288 529 1431 621 fuerit,
1462 533 1576 607 dedita
1600 538 1649 609 ita
1671 562 1779 634 opeia

242 634 401 707 ediderit.
451 634 570 724 Qiam
585 635 735 724 vellem,
761 632 895 730 potenti
923 653 992 701 ime
1006 629 1224 719 Licentiate,
1257 629 1322 702 tibi
1339 630 1541 705 Exorcislae
1554 634 1627 706 vim
1647 635 1777 730 adesse,

244 755 285 805 ut
300 734 466 804 excitares
482 733 524 804 ab
540 731 654 805 inferis
671 731 879 821 daemonas,
906 728 942 799 ὃ(
958 751 1019 826 per
1036 752 1095 798 eos
1111 725 1348 822 Tumebum,
1374 726 1433 820 &‚
1450 734 1510 828 qui
1520 735 1591 830 jam
1607 734 1648 805 ad
1663 735 1781 832 plures

246 832 425 922 abierunt,
447 833 648 930 interpretes
665 829 855 902 consuleres
870 828 914 899 de
932 827 984 898 his
999 824 1064 899 sub
1075 825 1274 897 nominibus
1287 850 1409 899 eorum
1424 829 1525 903 editis
1540 834 1651 922 notis,
1676 855 1736 908 aut
1755 839 1781 912 si

210 983 217 993 .
244 930 333 1027 ipsos
356 931 390 1000 in
413 934 525 1003 lucem
548 930 710 1002 reducere
733 927 870 1025 posses,
903 926 1049 996 libenter
1072 945 1108 995 te
1131 923 1173 995 ad
1195 923 1383 997 satietatem
1406 950 1488 999 cum
1514 930 1646 1002 umbris
1663 933 1715 1005 liis
1738 934 1779 1010 &

243 1029 344 1100 larvis
356 1031 528 1100 rixantem
544 1027 778 1125 conspicerem
796 1077 808 1115 ,
840 1022 948 1097 modo
969 1046 1026 1095 me
1048 1023 1092 1096 ab
1109 1023 1162 1094 his
1178 1022 1367 1120 puerilibus
1382 1022 1419 1096 &
1435 1027 1661 1104 muliebribus
1675 1032 1780 1105 alter-

245 1126 440 1199 cationibus
463 1128 608 1198 liberum
626 1124 840 1214 absolveres,
872 1123 909 1195 δι
931 1146 988 1193 me
1012 1124 1129 1220 potius
1147 1121 1325 1213 laudares,
1356 1126 1451 1220 quod
1469 1146 1549 1197 ante
1565 1132 1682 1227 tejam
1699 1154 1779 1228 gra-

244 1228 357 1296 uiores
370 1226 533 1322 quosdam
551 1274 563 1306 ,
594 1223 707 1322 &qui
725 1227 881 1297 incautos
898 1223 934 1294 in
948 1220 1101 1292 fraudem
1121 1219 1285 1291 inducere
1303 1219 1446 1293 lectores
1461 1225 1624 1321 possent,
1649 1251 1781 1304 errores

243 1323 553 1396 Pseudo-Tumebi
580 1322 817 1421 castigassem,
848 1320 944 1419 quod
969 1339 1005 1390 te
1027 1341 1120 1391 nunc
1151 1320 1345 1417 principem
1369 1319 1481 1392 facere
1503 1341 1573 1395 tam
1599 1326 1782 1402 ambitiose

243 1421 436 1493 contendis.
486 1420 553 1513 Sed
571 1445 633 1493 cur
649 1419 832 1492 dissimulas
845 1440 880 1490 tc
896 1417 1011 1516 legisse
1026 1420 1062 1488 in
1075 1415 1287 1515 praefatione
1303 1419 1388 1490 haec
1404 1443 1480 1492 mea
1494 1420 1616 1515 verba,
1635 1447 1684 1497 ex
1701 1428 1780 1526 qui·

242 1519 306 1592 bus
323 1518 451 1590 discere
466 1539 645 1615 potueras,
673 1543 729 1590 me
747 1518 859 1591 invito
874 1515 1019 1615 adjessas
1033 1515 1271 1588 Tumebianas
1286 1517 1359 1589 illas
1374 1538 1483 1591 notas.
1536 1521 1614 1607 En,
1640 1520 1665 1594 si
1682 1523 1780 1598 audi·

239 1640 277 1688 re
294 1616 446 1689 damnati
463 1618 613 1689 hominis
637 1642 702 1717 pro
722 1617 753 1689 se
770 1618 962 1689 orationem
989 1640 1062 1688 non
1077 1614 1288 1715 indignaris,
1315 1614 1385 1714 ipsa
1404 1616 1470 1689 tibi
1493 1619 1606 1693 verba.
1654 1625 1778 1696 Turne·

242 1719 276 1787 bi
288 1721 425 1812 integras
444 1734 551 1806 nitar,
576 1734 611 1788 ut
625 1717 786 1790 ediderunt
801 1720 873 1789 elim
890 1714 1083 1811 Pariſsenses
1092 1714 1212 1810 subjeci
1228 1720 1347 1812 magis,
1372 1718 1501 1811 nequid
1515 1717 1684 1813 detraxiffe
1701 1726 1779 1794 Lei·

242 1815 328 1911 deust
343 1817 471 1888 editioni
483 1819 631 1892 viderere
656 1816 738 1911 quad
750 1815 941 1912 sypngr'aphi
951 1820 1116 1909 praeupue
1131 1831 1305 1903 caveant,
1320 1837 1417 1908 quam
1435 1832 1472 1886 ut
1486 1817 1565 1887 mibi
1571 1818 1780 1912 perfitadeam

241 1915 350 2008 dt'gnas
366 1917 506 1987 Turnebi
520 1918 691 1987 eruditione
707 1916 749 1995 &s
755 1913 855 2008 fama
870 1915 928 2005 effl’
943 1937 956 1982 .·
987 1929 1035 1983 tat
1049 1916 1131 1984 enim
1145 1916 1247 2005 inepte
1262 1913 1304 1993 (ὅ
1317 1914 1435 1985 indiae
1450 1920 1549 1985 etiam
1562 1917 1647 1986 diua
1664 1922 1699 1989 in
1712 1922 1764 1990 illi

241 2016 324 2082 notis
341 2010 455 2104 offendi
471 2062 482 2099 ,
512 2037 592 2105 qnae
606 2013 658 2082 hic
669 2010 822 2104 recensere
837 2009 921 2082 nihil
932 2015 1047 2081 attinet
1064 2059 1077 2097 ,
1108 2033 1177 2081 cum
1191 2011 1228 2080 id
1238 2008 1310 2105 suis
1326 2015 1474 2080 SAEPE
1492 2013 1699 2108 lecisfastum
1707 2021 1778 2111 stt,

242 2123 277 2180 ut
294 2133 464 2202 numquam
481 2132 502 2178 a
519 2114 588 2177 viro
605 2124 674 2178 tam
689 2110 775 2180 desta
787 2107 948 2203 profems
960 2109 1018 2202 effe
1032 2107 1181 2183 credams
1205 2113 1263 2201 nist
1269 2114 1303 2202 st
1318 2111 1388 2202 quis
1403 2111 1515 2180 Tironi
1529 2113 1625 2181 alicui
1639 2113 1778 2186 difflatas

241 2206 319 2299 effe,
345 2207 387 2286 &
405 2209 485 2278 nrale
503 2223 665 2300 exceptas,
684 2204 832 2303 pejusque
847 2205 1015 2302 descriptas
1032 2208 1108 2301 effe,
1133 2207 1213 2276 velit
1227 2207 1415 2303 exstimare.
1462 2207 1569 2279 Tune
1584 2209 1682 2282 aliter
1699 2235 1779 2284 um·

240 2327 344 2400 quam
367 2303 410 2374 de
422 2302 656 2395 vTurnebianis
670 2305 722 2377 his
739 2305 830 2375 notis
847 2302 1067 2375 ’udicandum
1084 2301 1241 2376 censuisti
1256 2355 1268 2395 ,
1293 2322 1352 2375 aut
1366 2307 1561 2402 graviorem
1575 2306 1776 2382 sententiam

239 2400 349 2471 'tulisli
374 2400 388 2471 ?
422 2402 590 2475 Candoris
611 2404 694 2494 tui,
725 2404 747 2476 ὀ
770 2333 1032 2475 Mesanchlaene
1049 2402 1271 2496 Licentiate,
1303 2402 1442 2494 suerat,
1475 2404 1637 2476 sessorem
1658 2406 1778 2504 judicii

240 2501 308 2570 mei
331 2497 543 2591 admonere,
570 2500 724 2599 nihilque
743 2525 798 2572 me
819 2501 1074 2574 commentario
1096 2501 1151 2572 isti
1175 2502 1263 2597 plus
1276 2500 1335 2573 Te
1353 2501 1531 2588 tribueie;
1558 2501 1654 2602 saepe
1670 2508 1776 2578 etiam

238 2596 427 2670 emendasse
445 2597 481 2670 ὃ(
500 2598 683 2692 refutasse,
716 2599 813 2698 saepe
826 2623 967 2713 quoque
982 2598 1168 2699 neglexisse
1186 2599 1222 2671 &
1240 2599 1472 2696 praeteriisse,
1495 2602 1711 2691 utlubebat,
1737 2604 1777 2677 &

239 2718 292 2767 res
308 2695 375 2791 ipsa
385 2694 554 2768 suadebat.
580 2698 667 2769 Tibi
681 2697 834 2805 placgas,
845 2724 917 2770 non
931 2699 1194 2787 invideo,tenui
1211 2698 1275 2770 hac
1290 2698 1457 2798 gloriola,
1467 2696 1725 2772 &admirentur
1741 2722 1778 2773 te

239 2791 398 2888 discipuli
416 2795 489 2883 tui,
511 2793 571 2891 qui
589 2803 689 2870 namin
703 2798 747 2886 isi
764 2806 937 2879 narrantia
951 2798 1154 2893 pronuntias
1170 2797 1204 2866 in
1219 2796 1419 2894 Aphthonii
1432 2797 1512 2866 loco
1530 2795 1671 2867 citando
1680 2800 1777 2871 Tur·
1883 2794 1893 2803 “

240 2892 369 2964 nebum
386 2890 535 2963 debuisse
546 2893 805 2984 probabilitatem
819 2893 1002 2988 exhibere,
1012 2919 1077 2994 pro
1089 2896 1281 2992 persnafiene
1292 2893 1482 2993 ,ignorasse
1497 2893 1643 2966 eundem
1660 2894 1780 2967 discri-

238 3013 321 3061 men
348 2990 438 3059 inter
459 2991 570 3082 thefim
586 2989 623 3059 δε
639 3014 824 3060 communem
841 2995 968 3079 lacum,
1001 3016 1178 3089 perperam
1194 2994 1427 3082 conjestnralem
1440 2993 1564 3085 statum
1613 3018 1653 3062 ro
1674 3000 1779 3088 quali-

240 3093 318 3159 tatis
332 3086 536 3185 appellasse,
565 3110 621 3157 me
638 3086 721 3157 haec
738 3083 774 3154 ἃ
790 3083 911 3156 fimilia
927 3111 1045 3180 parum
1063 3105 1238 3183 tangunt,
1273 3086 1310 3157 dt
1328 3088 1385 3157 has
1400 3086 1508 3184 spinas
1527 3087 1562 3157 ὅ(
1578 3017 1690 3160 sdrdes
1709 3092 1777 3161 illi·

232 3183 368 3257 'berales
384 3184 496 3258 infimi
521 3182 664 3257 subsellii
679 3183 890 3256 Rhetorices
912 3182 1079 3282 magistris
1097 3182 1222 3255 lubens
1245 3183 1414 3281 relinquo.
1463 3185 1526 3255 Tu
1546 3185 1654 3257 modo
1674 3210 1778 3282 cave,

241 3307 286 3354 ne
302 3282 387 3354 boni
403 3285 468 3354 viri
482 3281 637 3356 officium
653 3283 828 3382 negligas,
853 3306 919 3354 nec
935 3284 1021 3354 mihi
1040 3280 1228 3365 adscribas,
1249 3298 1335 3377 quae
1349 3282 1422 3354 aliis
1437 3280 1615 3355 debentur·

292 3379 440 3452 Utinam
466 3399 549 3452 veto
564 3399 679 3452 tantus
701 3380 838 3452 dicendi
854 3381 1012 3478 magister
1037 3380 1241 3452 dilucide&
1258 3400 1374 3476 aperte
1396 3378 1563 3452 scribendi
1581 3402 1689 3454 artem
1708 3384 1777 3456 cal·

242 3477 345 3551 letes!
375 3478 506 3552 Scirem
525 3497 637 3567 cette,
662 3479 745 3575 quid
787 3480 945 3576 raecipue
960 3480 995 3551 in
1011 3502 1069 3550 me
1085 3476 1272 3551 accusando
1289 3476 1499 3571 intenderes,
1526 3504 1676 3580 necpag.
1695 3504 1775 3578 250.

244 3577 440 3679 Editmp.
454 3599 533 3674 171.
546 3601 580 3649 n.
592 3598 672 3675 250.
687 3596 714 3651 t.
740 3505 801 3649 uli
816 3600 873 3649 me
890 3594 997 3650 notam
1013 3577 1201 3675 adscripstffl
1217 3576 1258 3649 ad
1267 3576 1496 3672 Quindliliani
1513 3580 1616 3653 verba
1628 3630 1640 3672 ,
1652 3583 1779 3677 arguis,

243 3675 281 3747 δι
300 3699 402 3771 quam
419 3674 542 3746 furiose
557 3700 621 3747 exa
649 3677 730 3766 itas,
753 3677 946 3749 haererem:
972 3675 1182 3749 dubitabunt
1196 3678 1288 3747 enim
1306 3700 1443 3749 mecum
1461 3675 1625 3766 leslores,
1650 3702 1691 3748 an
1709 3679 1772 3776 ego

242 3772 364 3844 aussor
380 3772 473 3843 istius
491 3789 593 3843 notae
610 3700 699 3863 sm,
725 3798 767 3844 an
785 3796 868 3846 veto
893 3796 1017 3871 operae
1035 3796 1078 3843 ex
1096 3777 1192 3846 edito
1209 3774 1371 3849 Tumebi
1393 3774 1517 3847 codice
1530 3775 1774 3872 expresserint,

243 3889 284 3942 ut
295 3890 389 3943 certe
403 3867 560 3943 fecerunt
571 3870 685 3961 ,nulla
701 3895 777 3943 mea
794 3896 900 3969 opera
916 3869 967 3943 usi
986 3870 1158 3947 autabusr.
1190 3870 1283 3968 Qris
1299 3897 1354 3947 me
1370 3875 1442 3972 peti
1459 3898 1478 3947 a
1495 3893 1608 3945 tenon
1622 3872 1778 3945 crederet

243 3991 323 4068 pag.
343 3990 423 4064 257.
439 3966 535 4042 Edit.
552 3991 598 4038 m.
615 3992 650 4065 p.
670 3990 750 4064 177.
765 3994 799 4041 n.
814 3991 894 4069 373.
910 3989 937 4042 t.
959 3970 1020 4044 ubi
1035 3989 1074 4043 tu
1090 3969 1232 4063 scribis,
1256 3975 1357 4045 aliam
1371 3977 1491 4045 nullam
1505 3974 1708 4046 Burmannus
1723 3997 1778 4042 no·

243 4085 313 4138 tam
329 4071 494 4160 apposuit,
519 4071 577 4163 nist
592 4066 672 4139 hunc
686 4065 936 4164 abstrrdifflmam
954 4094 992 4142 ac
1007 4069 1231 4166 infitlſsfflmam
1247 4120 1259 4160 ,
1286 4094 1373 4167 quae
1388 4091 1504 4141 tamen
1527 4089 1654 4166 quanta
1669 4092 1777 4166 quan·

243 4181 281 4238 ta
295 4163 344 4235 est
366 4215 378 4255 ,
402 4164 626 4239 Turnebiana
647 4165 725 4258 est,
751 4191 853 4266 quam
875 4189 948 4240 uon
967 4191 1035 4267 ego
1053 4167 1225 4267 apposui,
1250 4165 1305 4238 sed
1323 4166 1634 4266 aTypographis,
1660 4167 1719 4265 qui
1742 4165 1779 4238 id

243 4261 335 4359 passi
353 4281 467 4351 etant,
492 4265 620 4360 apponi
638 4261 712 4338 sum
729 4265 847 4365 passus.
881 4267 918 4342 si
935 4265 1084 4342 libuisset
1101 4285 1161 4339 aut
1175 4265 1320 4338 vacasset
1338 4265 1462 4335 inutile
1475 4283 1612 4358 tempus
1629 4268 1665 4337 in
1682 4267 1779 4337 Tur·

243 4359 396 4433 nebianis
418 4360 508 4431 notis
531 4364 746 4438 excutiendis
769 4384 908 4458 terere,
933 4390 977 4441 an
1003 4389 1075 4438 non
1094 4389 1199 4464 aeque
1218 4363 1305 4436 milii
1328 4352 1471 4456 patuisse
1489 4360 1597 4432 eredis
1619 4363 1778 4436 Biissonii

243 4458 432 4548 Lemnon,
458 4455 519 4529 ubi
536 4481 573 4529 re
598 4458 721 4530 erirem
738 4464 774 4531 iii
789 4466 897 4537 verbo
920 4468 1103 4540 interdicere
1121 4466 1215 4536 hunc
1230 4457 1459 4549 Qiinsliliani
1475 4458 1592 4532 locum
1605 4463 1778 4550 citatum,

244 4556 282 4628 ὃ(
299 4554 466 4655 ιιά]εᾶιιιι
484 4483 713 4655 fimuilegem
736 4578 817 4628 111.
834 4573 863 4645 §.
880 4567 916 4630 6.
944 4573 1036 4648 (non
1055 4565 1125 4632 Lib.
1138 4582 1169 4656 3.
1189 4559 1220 4656 §
1234 4578 1267 4652 5.
1285 4575 1325 4629 ut
1342 4577 1404 4649 tu,
1428 4558 1681 4659 diligentissime
1697 4578 1778 4627 cen-

240 4655 321 4749 sor,
347 4653 480 4737 laudas)
508 4649 547 4728 ff.
562 4654 616 4727 uti
633 4653 832 4754 possidetis,
858 4652 995 4729 &unde
1011 4657 1072 4730 hle
1090 4655 1128 4732 dt
1152 4654 1270 4758 passim
1289 4656 1405 4758 plenas
1431 4653 1516 4735 furti
1532 4658 1567 4731 δι
1583 4655 1689 4754 plagii
1712 4680 1778 4727 no·

1624 4790 1630 4799 ·
1729 4775 1779 4829 las
