4064 5558
319 261 343 329 μ
446 262 452 275 ·
529 224 587 309 Ῥ.
642 220 1124 312 BURM·ANNI
1182 220 1613 317 EPISTOLA

322 383 364 448 Ce
376 379 454 469 perir
474 375 694 473 oawrgeftra
705 377 851 466 veirqrae
868 375 920 443 Iso
934 373 1055 445 Franco
1065 368 1143 464 rr'ost
1159 392 1220 466 pas
1229 372 1440 470 ſsldepaaillie
1455 379 1496 451 dr
1515 385 1859 481 Cririqaesjrdicieux,
1888 391 1890 395 ’

323 477 424 570 qa’rr
439 472 586 546 voudrais
600 476 630 544 se
640 460 868 567 persuaderes
887 469 1100 563 publicetur
1114 473 1206 541 retae
1224 493 1306 541 aare
1318 479 1449 546 raason
1469 481 1538 572 {inq
1547 475 1678 571 finisset
1698 487 1858 582 d'inrprcs-

316 578 386 671 fian
408 578 442 646 in
457 597 494 667 4.
510 572 551 651 &²
558 568 633 666 stra
648 570 751 664 firivr'r
767 569 845 641 dans
855 589 917 664 peu
933 567 971 640 de
988 582 1066 645 rems
1082 569 1175 639 d‘une
1195 585 1287 639 autre
1303 573 1410 644 Lertrr
1422 571 1486 668 sar
1508 581 1541 650 la
1562 580 1793 657 tradanionde
1810 604 1859 658 cet

324 672 457 775 ‘vrato
497 693 538 740 ar
553 667 606 741 M.
624 662 742 742 r'Arsl
757 664 893 757 Gedayrr.
942 665 1070 740 Latine
1087 654 1199 757 lraic,
1226 664 1261 737 ὅ(
1280 662 1305 736 fi
1322 690 1409 764 quae
1430 669 1497 743 alia
1518 672 1717 751 adduoenda
1742 681 1859 778 postea

322 772 426 840 erunt
451 691 610 840 ldancici
625 764 786 837 sermonis
802 763 935 855 verba,
960 770 1031 836 non
1054 763 1103 836 eli
1119 763 1251 834 animus
1269 784 1428 856 vertere,
1455 769 1535 864 quia
1551 771 1694 847 morosis
1711 772 1748 849 &
1765 774 1857 852 diffi-

325 867 463 941 cillimis
477 863 677 939 censoribus
686 862 869 937 cavillandi
883 862 1009 936 caussas
1025 861 1221 962 praecidere
1239 861 1415 934 constitui.
1467 866 1561 940 Cum
1581 873 1648 966 jam
1662 873 1749 946 nihil
1763 901 1858 973 prae.

325 982 380 1036 ter
400 963 691 1061 exspeslationem
712 986 734 1031 a
755 957 1214 1058 cantusare-pronuntiatum
1236 956 1387 1031 viderem
1414 1011 1427 1050 ,
1460 962 1698 1042 vehementius
1717 974 1856 1045 videndi

326 1061 415 1134 hanc
431 1083 501 1134 tam
518 1057 709 1165 magnifice,
725 1057 895 1133 laudatam
916 1057 1095 1159 epistolam
1112 1054 1315 1153 desiderium
1333 1061 1369 1133 in
1384 1083 1439 1131 me
1453 1064 1593 1137 accendi
1608 1068 1857 1142 animadverte·

326 1159 431 1245 bam,
457 1159 493 1229 &
511 1183 593 1230 cum
619 1155 677 1228 ille
701 1155 861 1251 promissa
885 1153 940 1226 sua
962 1154 1125 1246 falleret,
1151 1176 1262 1253 neque
1277 1160 1350 1253 ejus
1368 1156 1505 1254 copiam
1522 1162 1608 1233 milri
1631 1163 1788 1260 faceret,
1814 1169 1857 1240 ad

324 1254 520 1331 Parifienses
537 1257 666 1326 amicos
687 1253 931 1326 recurrendum
948 1253 1036 1344 suit,
1061 1253 1220 1348 aquibus
1237 1254 1365 1323 certior
1381 1250 1555 1329 fastusTe
1571 1259 1681 1357 ipsum
1698 1264 1856 1338 excusam
1871 1334 1898 1343 ..

323 1355 416 1451 jam,
433 1353 469 1423 &
485 1377 564 1424 cum
581 1349 782 1449 quibusdam
798 1352 1114 1439 communicatam,
1126 1347 1308 1445 epistolam
1326 1349 1562 1448 strangulasse,
1588 1356 1783 1434 &tenebris
1798 1363 1857 1436 da-

325 1450 471 1540 mnasse,
491 1450 637 1525 mirabar
655 1473 741 1547 quae
764 1448 929 1522 ferociam
947 1467 1042 1541 tuam
1061 1446 1245 1544 mitigasset
1260 1448 1331 1518 mei
1347 1447 1517 1525 miseratio
1539 1478 1548 1524 ε
1575 1477 1638 1527 nec
1654 1455 1857 1537 destiterunt

326 1567 442 1620 tamen
456 1548 541 1617 mihi
556 1546 644 1618 bene
661 1547 816 1618 volentes
828 1544 1075 1635 amici,donec
1091 1547 1164 1639 ejus
1179 1542 1354 1641 exemplar
1369 1546 1411 1616 ad
1428 1571 1484 1618 me
1498 1550 1764 1629 transmitterent
1774 1583 1782 1626 :
1793 1560 1857 1631 ob·

198 1650 204 1660 ’
327 1643 489 1743 stupuisse
506 1667 581 1734 me,
605 1667 642 1714 ea
657 1641 725 1716 visa
737 1642 774 1715 &
793 1641 898 1733 ledia,
915 1639 1055 1714 diffiteri
1070 1642 1173 1731 nolo,
1197 1661 1266 1712 tam
1282 1642 1373 1713 sutili
1390 1643 1447 1735 dt,
1462 1663 1502 1716 ut
1517 1649 1604 1719 veris
1618 1653 1857 1749 appellationi·

325 1741 390 1814 bus
412 1762 579 1831 utamur,
605 1740 811 1814 commiflili
826 1740 933 1810 merci
959 1737 1168 1837 splendidam
1189 1737 1287 1810 fuiffe
1305 1739 1465 1811 hederam
1488 1740 1702 1841 suspensam,
1727 1749 1764 1821 ἃ
1781 1753 1856 1845 Te,

325 1863 429 1937 quem
446 1842 481 1909 T
477 1841 633 1934 heologam
643 1844 854 1912 Licentiatrrm
868 1839 909 1918 Θ
926 1832 1105 1910 Diaconum¹
1112 1837 1356 1932 Ambianensem
1374 1837 1439 1909 effe
1456 1838 1626 1914 audieram
1643 1893 1657 1935 ,
1683 1843 1737 1916 sed
1754 1872 1857 1944 quem

325 1958 424 2013 antea
438 1937 636 2009 nonomine
650 1936 790 2033 quidem
806 1934 863 2007 vel
876 1932 980 2005 fando
996 1955 1162 2031 umquam
1177 1935 1362 2031 cognitum
1380 1934 1591 2031 habueram,
1613 1958 1684 2013 tam
1699 1950 1855 2041 procaci·-

326 2052 380 2107 ter
402 2033 615 2130 &proterve
639 2034 676 2104 in
699 2055 756 2105 me
777 2030 903 2102 infilire
924 2029 961 2100 ὅ(
984 2032 1149 2121 arietare,
1173 2054 1283 2126 aquo
1311 2030 1404 2101 nulla
1423 2033 1460 2103 in
1483 2051 1520 2104 te
1543 2055 1602 2106 aut
1625 2055 1704 2111 tuos
1726 2045 1857 2121 amieos

325 2130 449 2229 injuria
466 2127 619 2227 prosodia
635 2129 727 2204 esset.
758 2152 762 2158 ·
777 2127 986 2226 Numquam
1000 2126 1183 2226 equidem,
1206 2151 1289 2199 cum
1304 2124 1544 2219 Qrinetiliano
1565 2155 1704 2229 operam
1721 2138 1857 2236 darem,

326 2247 398 2302 ram
425 2227 619 2325 improbam
639 2226 733 2326 spem
757 2248 1015 2324 conceperam,
1043 2245 1084 2299 ut
1103 2224 1267 2301 omnibus
1280 2227 1430 2297 moreris
1452 2225 1641 2304 absolutam
1663 2233 1852 2315 editionem

323 2324 519 2425 producere
536 2325 688 2424 possem,
704 2323 759 2397 sed
774 2323 971 2397 blandiebar
986 2342 1103 2395 tamen
1119 2323 1228 2413 milri,
1252 2320 1278 2394 fi
1296 2346 1377 2394 cum
1418 2323 1587 2412 rioribus,
1611 2352 1716 2403 anon
1731 2333 1857 2432 iniquis

324 2421 530 2497 eruditionis
543 2423 717 2514 Arbitris,
741 2420 957 2495 conferretur
971 2421 1055 2494 haec
1070 2444 1166 2509 mea,
1190 2418 1301 2517 longo
1318 2418 1356 2492 &
1392 2349 1475 2493 leno
1491 2421 1593 2494 taedii
1609 2424 1647 2497 δι
1663 2424 1856 2524 molestiae,

324 2519 393 2611 dt,
417 2540 458 2593 ut
478 2522 524 2594 ita
541 2519 685 2612 dicam,
709 2519 933 2594 aerumnabili
949 2519 1093 2608 labore,
1116 2541 1221 2616 quem
1237 2519 1275 2589 in
1291 2541 1336 2590 co
1411 2518 1507 2591 endis
1522 2513 1655 2618 scriptis
1673 2522 1710 2597 ἃ
1725 2526 1857 2602 excusis

326 2617 508 2690 codicibus
531 2618 750 2691 exhauserim
774 2667 786 2706 ,
810 2619 957 2714 aliquam
981 2617 1206 2715 me'gratiam
1232 2639 1252 2687 a
1272 2614 1383 2688 dodlis
1400 2613 1437 2686 &
1456 2617 1613 2688 humanis
1635 2623 1716 2693 viris
1739 2622 1857 2697 iniisse.

327 2713 414 2789 Nec
431 2712 535 2786 etiam
550 2733 622 2785 tam
638 2709 799 2787 Suffenus
813 2736 925 2801 eram,
949 2735 1009 2784 aot
1027 2737 1143 2786 meum
1161 2737 1326 2811 umquam
1341 2711 1463 2784 induxi
1479 2715 1655 2801 animum,
1678 2737 1719 2788 ut
1733 2720 1769 2790 in
1786 2743 1857 2794 tam

326 2811 439 2910 longo
458 2809 494 2883 δι
510 2810 631 2910 grandi
646 2831 773 2905 opere,
794 2806 840 2879 ad
854 2807 948 2906 quod
965 2808 1209 2882 eroorandum
1225 2813 1285 2882 vix
1300 2810 1459 2910 publicae
1474 2811 1512 2882 dt
1529 2813 1680 2907 privatae
1695 2837 1796 2887 curae
1811 2818 1858 2891 sa'·

328 2910 374 2983 tis
395 2909 462 2982 otii
484 2908 611 2981 dabant
628 2957 642 2997 ,
664 2930 735 2980 non
754 2905 814 2977 hic
832 2905 869 2977 ὃ(
883 2906 976 2994 illic,
994 2907 1051 2981 vel
1063 2909 1196 3006 ingenii
1211 2906 1248 2979 δι
1263 2908 1467 2981 eruditionis
1483 2911 1674 3000 tenuitate,
1698 2912 1755 2983 vel
1769 2915 1857 2987 vitio

327 3006 471 3082 lnrmani
485 3004 618 3101 generis
635 3053 648 3092 ,
671 3004 727 3074 vel
742 3003 888 3098 deniqne
908 2999 1176 3098 negligentia&
1199 3002 1415 3072 festinatione
1431 3005 1584 3098 peccasse
1604 3030 1660 3078 me
1674 3009 1859 3086 crederem.

329 3103 570 3200 quueetiam
583 3099 723 3174 nomine
738 3099 775 3170 in
793 3095 1003 3196 praefatione
1015 3096 1059 3169 ab
1074 3095 1329 3193 omnibus‚qui
1345 3100 1618 3195 nmquamfimili
1635 3103 1672 3173 in
1687 3105 1859 3205 ergastulo

329 3197 746 3290 seincluserunt,veniam
760 3196 847 3269 mihi
882 3192 1080 3295 oposceram
1091 3193 1303 3364 ,quantique
1319 3193 1361 3267 srt
1378 3197 1858 3298 operis,t'aedii&molestiae,

331 3318 387 3370 tot
404 3297 542 3370 codices
557 3294 656 3368 fimul
670 3293 846 3366 consulere
899 3312 1082 3384 excutere,
1152 3292 1390 3366 adnotationes
1406 3293 1487 3366 inde
1498 3295 1643 3393 publico
1659 3297 1759 3372 utilm
1773 3325 1859 3375 con·

330 3392 456 3483 licere,
472 3393 572 3492 plana
584 3391 660 3464 satis
673 3393 830 3464 oratione
852 3390 1087 3489 exposueram.
1138 3388 1259 3485 Qrare
1269 3393 1348 3488 jure
1361 3390 1512 3488 quodam
1528 3395 1615 3466 mihi
1630 3419 1655 3497 a
1667 3392 1859 3473 studiorum

330 3493 528 3567 nostrorum
552 3488 777 3587 prudentibus
807 3512 877 3561 non
905 3486 1012 3560 modo
1035 3505 1186 3584 paratam
1209 3487 1298 3561 hanc
1316 3490 1452 3562 veniam
1474 3490 1720 3586 promiseram,
1745 3494 1799 3567 sed
1823 3498 1860 3571 dr

331 3590 568 3688 patrocinium
589 3584 802 3661 eruditiffimi
817 3585 983 3684 cujusque
1000 3584 1155 3660 adversus
1169 3585 1337 3684 malignos
1359 3587 1607 3662 obtrefiatorea
1627 3589 1833 3685 speraveram
1844 3626 1858 3684 ς

333 3686 372 3759 dt
391 3686 417 3759 li
433 3686 518 3782 quid
532 3687 669 3783 gravius
684 3686 787 3757 etiam
803 3683 1024 3767 administra,
1047 3682 1083 3755 id
1096 3685 1283 3781 reliquisin
1296 3682 1465 3774 Fabium,
1490 3687 1609 3759 misere
1623 3683 1660 3758 &
1676 3687 1861 3764 infeliciter

332 3780 1033 3872 adhuctrafiatum,meritisdonatumiri
1046 3779 1276 3854 confidebam.
1300 3782 1432 3880 Neque
1441 3781 1578 3882 mespes
1591 3785 1648 3857 illa
1656 3790 1801 3860 omnino
1811 3785 1859 3860 fe-

329 3878 438 3960 fellit:
465 3904 546 3954 eum
561 3882 654 3953 enim
670 3876 816 3952 studiose
831 3879 991 3953 cavissem
1006 3879 1115 3970 mihi,
1130 3903 1176 3952 ne
1188 3899 1266 3953 ante
1279 3904 1336 3952 me
1350 3882 1577 3981 interpretum
1594 3883 1718 3956 merita
1733 3885 1771 3957 dt
1788 3887 1859 3959 lau·

334 3975 393 4052 des
409 3977 628 4072 detererem,
652 3976 690 4051 ὃ(
707 3976 848 4068 nullos,
873 3976 936 4052 nifi
950 3978 1011 4077 qui
1026 3979 1086 4052 vix
1100 3977 1225 4052 literati
1246 3998 1307 4052 aut
1328 3977 1424 4053 dosii
1448 4003 1577 4052 nomen
1597 3980 1685 4053 ferre
1703 3983 1862 4078 possunt,

334 4098 439 4176 parce
452 4095 565 4150 tamen
581 4075 619 4151 ἃ
631 4101 728 4169 raro,
752 4075 958 4176 tetigissem,
978 4075 1188 4151 conscientia
1199 4077 1260 4149 dili
1288 4097 1385 4151 enter
1396 4074 1648 4152 administratae
1664 4082 1864 4176 provinciae

251 4220 255 4227 -
327 4194 392 4249 -rne
408 4171 619 4247 sustinebam.
667 4176 799 4274 Neque
811 4175 916 4249 etiam
932 4203 952 4249 a
966 4200 1164 4276 quoquam,
1187 4175 1249 4272 qui
1262 4099 1375 4248 severa
1390 4174 1467 4275 lege
1480 4172 1592 4246 studia
1607 4173 1645 4246 dt
1660 4196 1771 4248 mores
1787 4176 1863 4253 suot

335 4270 529 4444 molivit,
553 4272 642 4345 mala
653 4273 870 4440 ωὼᾷιάὴυε
891 4276 997 4349 relata
1012 4273 1091 4445 fuits
1094 4273 1206 4373 gratia
1219 4322 1232 4364 ,
1256 4269 1314 4345 sod
1326 4268 1741 4442 ρυύἕὲἷθηέαζωῗὶἓκῐξο
1747 4270 1862 4447 ὲαὶιῧίν

333 4470 381 4543 lor
406 4390 844 4564 qqupmnpqaffirpreiqss
858 4389 1360 4577 gignuqdadruwffii,
1383 4462 1528 4538 minime
1541 4388 1694 4565 aeduos,
1720 4473 1777 4568 qni
1805 4396 1861 4580 τηις

324 4563 516 4666 ,depravata
545 4564 649 4663 bojas
679 4561 783 4639 socrui
802 4561 941 4657 stadia,
968 4564 1006 4639 br
1027 4586 1151 4639 eoram
1173 4561 1465 4647 insistendem
1495 4565 1665 4642 rationem
1687 4567 1783 4663 saepe
1806 4586 1860 4678 vr-

1465 4676 1479 4701 ·
1522 4674 1525 4678 ’
1810 4687 1862 4738 vra
