4064 5558
478 273 570 402 nn
625 296 728 399 cn:
771 236 1500 409 'cnrmnounnnrunss
1705 328 1761 437 σς

240 489 297 577 ri,
323 484 360 557 &
384 481 425 556 ad
450 498 580 554 veteres
598 479 801 576 interpretes
825 488 921 543 notas
945 467 1101 567 quasdam
1127 473 1287 574 ineptas,
1320 476 1476 551 ridiculas
1491 476 1682 552 &inutiles
1705 480 1764 553 ad-

241 584 303 655 l'cri
332 580 403 653 salle
428 578 589 652 videreris
611 624 623 665 ,
655 570 780 669 quibus
803 566 837 637 id
866 586 1002 639 tantum
1029 590 1171 665 ageres,
1196 591 1241 646 ut
1264 574 1549 648 Burmannianam
1571 576 1762 651 editionem

266 609 436 752 bshurates
451 674 488 745 &
505 670 710 745 infamares:
737 666 880 767 dignum
898 714 911 753 ,
936 663 1178 758 mehercules,
1202 669 1393 779 Theologo
1413 671 1649 769 propositum!
1668 676 1763 775 quod

241 706 265 752 o

241 773 421 873 quomodo
436 770 503 843 tibi
519 764 738 852 successerit,
758 764 830 857 jam
846 760 1039 834 videbimus
1062 787 1178 860 porro.
1229 766 1427 863 Principem
1450 791 1533 840 vero
1557 770 1676 843 locum
1702 771 1760 842 da·

97 938 99 943 .
241 874 289 944 bo
314 870 442 944 selenis
463 888 508 938 ex
535 884 659 961 magna
673 859 810 955 copia,
845 857 998 952 paucis,
1030 859 1182 955 quibus,
1213 878 1258 932 ut·
1270 862 1406 934 Graece
1430 862 1523 936 scire.
1539 884 1574 937 te
1598 866 1760 960 ostentes,
1829 908 1837 921 ·

241 970 320 1041 loca
345 986 405 1038 aut
425 960 568 1035 aFabio
590 977 648 1030 aut
670 951 914 1053 interpretibus
929 952 1067 1027 Gracco
1091 954 1244 1027 sermone
1265 957 1462 1055 produela,
1488 961 1615 1034 Latine
1637 965 1761 1057 vertis,

242 1085 301 1138 aut
317 1065 379 1136 ubi
394 1061 519 1134 Latina
539 1053 691 1132 versione
714 1066 1005 1123 commentatores
1027 1055 1214 1143 contenti,
1238 1052 1357 1125 lesiori
1379 1058 1523 1153 gratiam
1542 1059 1761 1134 Graecorum
1874 1120 1877 1124 .

207 1159 215 1172 ’
243 1160 467 1259 legendorum
482 1154 629 1242 faciunt,
654 1168 695 1221 tu
712 1146 874 1220 molestus
888 1145 953 1218 esse
968 1170 1039 1219 non
1053 1146 1187 1223 dubitas
1202 1149 1336 1223 Graeca
1350 1151 1452 1225 verba
1465 1152 1668 1252 adjiciendo.
1719 1158 1762 1230 In

244 1256 382 1328 audiore
402 1252 493 1364 ipso,
518 1249 545 1322 fi

580 1252 623 1319 tia
641 1245 775 1318 Graeca
792 1263 1004 1333 occurrunt,
1030 1268 1116 1341 quae
1132 1246 1334 1344 explicanda
1349 1247 1532 1323 ledloribus
1544 1250 1609 1323 esse
1623 1252 1760 1326 censent

243 1354 306 1420 viri
333 1349 453 1438 dostr,
486 1272 831 1433 consueveruntfere
857 1341 893 1412 in
915 1339 1045 1414 calcem
1068 1340 1146 1413 libri
1170 1345 1312 1416 rc'icere
1333 1367 1453 1417 eorum
1476 1346 1693 1440 versionem,
1717 1370 1759 1423 ut

240 1444 425 1535 Ciceroni,
451 1442 643 1534 Suetonio,
668 1442 710 1509 A.
722 1438 840 1510 Gellio
858 1422 895 1509 St
912 1438 984 1509 aliis
999 1434 1134 1510 fauum·
1145 1369 1246 1510 nolli.
1279 1439 1347 1513 Sed
1363 1444 1471 1540 magis
1487 1441 1667 1516 ambitioni
1682 1467 1761 1518 tuae

146 1552 149 1556 '
239 1541 495 1615 velificaturum
510 1560 549 1613 te
563 1533 758 1624 credidisti,
783 1532 807 1605 fi
825 1535 861 1604 in
878 1532 950 1630 ipso
968 1533 1153 1608 voluminis
1167 1559 1314 1635 corpore
1328 1538 1494 1636 plurimae
1510 1559 1612 1613 notae
1628 1540 1688 1615 sub
1703 1566 1761 1616 ca·

240 1638 338 1736 pi'tali
369 1642 562 1708 CAPPER.
587 1634 732 1725 nomine
744 1629 930 1727 produiiae
947 1631 1175 1729 legerentur.·
1488 1688 1493 1695 .
1539 1708 1543 1715 ⁵
1691 1718 1694 1723 Ι

286 1736 370 1831 Pag.
385 1731 471 1827 684.
486 1758 520 1805 n.
537 1756 569 1805 ι.
586 1732 825 1803 Aimeiooeuius
847 1726 1010 1823 producit
1025 1728 1158 1801 Graeca
1172 1728 1371 1805 Philostrati
1395 1732 1497 1806 verba
1512 1733 1556 1806 de
1571 1740 1755 1829 memoria,

237 1851 383 1903 naturae·
392 1852 545 1901 munere.
576 1828 641 1901 Tu
656 1824 815 1919 subjicis,
831 1842 966 1896 tantum
982 1843 1023 1897 ut
1038 1848 1160 1925 augeas
1174 1844 1335 1900 notarum
1350 1827 1517 1926 spatium,
1543 1820 1656 1903 inutili
1671 1858 1757 1932 ope·

238 1952 276 2000 ra
290 1927 451 2000 Latinam
468 1922 670 1999 versionem.
696 1919 762 1993 Sed
777 1920 867 1990 idem
885 1921 1306 2020 AimeIuvuuius'p.668.n.
1317 1924 1373 2016 87.
1387 1926 1513 1999 Latine
1529 1945 1662 2000 tantum
1681 1930 1758 2003 Pla·

237 2026 329 2097 tonis
344 2024 461 2095 locum
476 2020 685 2122 produxerat
695 2048 708 2102 3
733 2016 817 2088 hinc
828 2039 900 2087 non
916 2018 951 2087 in
968 2016 1066 2089 illum
1084 2037 1241 2108 tantum,
1264 2019 1319 2091 sed
1336 2024 1373 2092 in
1388 2045 1463 2113 me,
1485 2023 1549 2121 qui
1564 2024 1682 2096 locum
1698 2028 1759 2099 ad·

238 2120 383 2193 dusium
398 2144 471 2192 non
486 2118 526 2192 ad
545 2116 678 2190 Graeca
694 2111 847 2185 Platonis
869 2112 973 2185 verba
996 2136 1059 2184 exe
1085 2117 1198 2204 erim,
1225 2117 1377 2188 incurris.
1429 2119 1496 2190 Sed
1514 2118 1608 2218 saepe
1618 2124 1689 2222 jam
1706 2124 1760 2195 di·

240 2218 307 2306 xi,
332 2240 388 2286 me
404 2240 475 2287 non
489 2212 664 2288 credidisse
682 2208 717 2283 id
738 2208 825 2279 mihi
847 2209 1030 2307 negotium
1052 2136 1170 2283 (latum
1186 2209 1278 2302 esse,
1303 2232 1343 2287 ut
1361 2215 1477 2287 omnia
1494 2216 1600 2306 loca,
1624 2243 1643 2289 a
1662 2243 1761 2291 com·
1779 2258 1785 2269 ·

240 2311 488 2385 mentatoribus
511 2308 682 2399 adduPta,
705 2304 949 2409 emendarem,
974 2305 1011 2378 &
1025 2306 1333 2401 reprehenderem,
1357 2334 1459 2406 quam
1480 2312 1626 2408 gloriam
1645 2314 1760 2414 inglo-

241 2411 325 2483 riam
350 2411 605 2503 Cupperurrueriis
621 2404 755 2501 reliqui.
990 2436 993 2441 ·
1147 2476 1153 2487 ,
1515 2405 1526 2423 “
1691 2490 1695 2497 ¹
1749 2412 1753 2417 '

289 2506 375 2602 Pag.
388 2526 473 2601 727.
490 2530 523 2577 n.
545 2526 601 2575 21.
618 2501 786 2572 Turnebus
800 2499 983 2571 Phoenicis
1001 2498 1104 2572 verba
1123 2500 1214 2597 apud
1231 2502 1458 2596 Homerum,
1484 2505 1563 2600 quia
1585 2525 1677 2597 certe
1698 2506 1757 2580 ille

242 2604 353 2689 l-’o'e'ta
367 2599 526 2673 omnibus
542 2597 602 2671 suo
617 2617 775 2709 tempore
790 2594 1059 2668 familiarissimus
1073 2616 1163 2686 erat,
1190 2598 1315 2670 Latine
1329 2619 1462 2671 tantum
1475 2598 1655 2711 producit.
1680 2604 1760 2696 Tu,

241 2700 322 2796 quia
337 2696 441 2769 hodie
456 2696 548 2769 sorte
567 2694 697 2795 negligi
710 2689 889 2765 Graecum
903 2693 1100 2765 Homerum
1119 2694 1157 2764 in
1171 2694 1316 2766 Francia
1330 2693 1368 2768 &
1382 2695 1485 2794 abjici
1503 2695 1596 2768 doles
1611 2749 1623 2788 ,
1647 2696 1761 2794 addis,

245 2795 405 2867 Phoenicis
426 2795 524 2865 verba
539 2796 682 2887 leguntur
697 2795 730 2860 iu
746 2790 874 2861 Homer.
888 2791 982 2861 Iliad.
999 2789 1029 2862 1.
1043 2787 1095 2873 ris.
1113 2810 1195 2883 443.
1209 2793 1320 2883 μόθων
1335 2793 1403 2871 &a
1453 2794 1494 2865 Ν
1497 2792 1536 2865 ifi
1551 2794 1642 2864 enim
1657 2796 1763 2869 index
1799 2814 1803 2821 '

129 2944 134 2953 .
245 2892 463 2988 oppurtunus
476 2886 681 2996 exstitisses,
705 2884 819 2995 nullus
841 2885 944 2955 hodie
959 2884 1118 2995 Gallulus
1134 2886 1217 2956 haec
1234 2887 1270 2996 in
1287 2888 1447 2960 Homero
1463 2890 1613 2961 invenire
1631 2889 1766 2987 potuis·

121 3068 124 3073 ,
246 2984 305 3057 set.
355 2984 484 3081 Majon
509 2978 677 3055 beneficio
704 2980 834 3079 politos
855 2978 1046 3052 &comtos
1070 2979 1146 3053 rllos
1166 2981 1469 3083 hodiernaesupra
1491 3007 1621 3059 veteres
1645 2988 1761 3061 excel·

244 3082 365 3155 sentiae
388 3100 551 3177 patronos
582 3078 770 3168 devincis,
804 3098 885 3148 eum
909 3100 988 3174 pag.
1011 3096 1096 3173 734.
1128 3076 1267 3152 Turario
1288 3082 1437 3154 laudanti
1466 3083 1642 3154 Plutarchi
1665 3085 1763 3156 libel·

240 3177 313 3249 l'um
329 3177 372 3248 de
391 3175 508 3267 oiriufiu
529 3178 717 3249 vuecuudiu
733 3192 811 3263 „tu
831 3169 965 3270 adjicis,
989 3175 1161 3244 Plutarchi
1175 3178 1296 3245 libellus
1311 3176 1493 3269 inscribitur
1510 3178 1575 3251 osi
1598 3185 1763 3260 iocansne.
1896 3198 1908 3215 ·

240 3273 363 3345 vellem
382 3272 419 3345 ὅ(
434 3272 645 3362 editionem,
662 3294 729 3367 qua
740 3269 866 3358 uteris,
890 3267 1098 3367 &paginam
1116 3267 1232 3341 eadem
1249 3294 1353 3369 opera
1368 3271 1560 3364 indicasses,
1585 3260 1632 3347 ita
1645 3274 1762 3350 saltem

240 3392 313 3441 uno
328 3368 426 3441 versu
448 3369 559 3441 tenuis
575 3366 613 3441 &
629 3366 728 3439 exilis
751 3365 807 3438 illa
831 3361 1118 3437 notula-crescere
1136 3365 1173 3435 in
1184 3366 1315 3462 justum
1338 3365 1483 3464 spatium
1509 3370 1698 3467 potuisset,
1724 3373 1764 3445 δε

167 3550 172 3555 ,
241 3465 375 3539 Galluli
399 3465 451 3536 tui
473 3464 602 3562 aliquid
628 3463 782 3550 discere,
807 3459 901 3558 quod
926 3460 1010 3534 nulli
1034 3461 1232 3534 mortalium
1250 3461 1325 3538 sub
1334 3464 1593 3561 ..septemtrione
1614 3487 1696 3538 nato
1724 3471 1761 3540 in

240 3582 393 3634 mentem
407 3560 520 3633 adhuc
535 3559 684 3633 venisl'et.
735 3556 802 3631 Sed
821 3557 938 3630 eadem
955 3558 1165 3629 humanitate
1182 3560 1281 3631 nobis
1296 3561 1505 3632 Graecarum
1522 3562 1764 3660 Etymologia·
1786 3613 1790 3621 ·

240 3654 751 3828 rrrr.rlr..srsrrr
771 3651 1764 3845 ·serra}¹·surrilisunirer

241 3877 283 3925 ne
294 3806 785 3924 c‘ommentantnirurnebum
800 3804 1120 3922 &Almelove'irium
1140 3773 1230 3947 (egug
1242 3850 1334 3921 enim
1352 3778 1590 3922 nonlinitiarus
1604 3851 1672 3922 istis
1685 3876 1763 3949 my·

245 3946 348 4020 steriis
369 3947 486 4020 locum
513 3946 742 4044 periculosum
765 3945 890 4018 tacitus
914 3948 1092 4041 praeterii)
1116 3944 1336 4043 ita'adjuva53
1363 3940 1657 4043 CAETERUM
1686 3950 1763 4021 Θεό·
1850 4030 1856 4039 ,

252 4059 387 4139 seur&
417 4044 685 4139 (Theophrastus)
710 4043 754 4116 sit
768 4066 812 4114 ex
827 4040 898 4119 Stia
914 4044 1019 4132 Deus,
1044 4041 1081 4114 ὅ(
1100 4043 1261 4138 efflui,
1285 4048 1395 4137 eloqui.
1442 4040 1583 4132 Qrant'a
1604 4045 1764 4139 recondi-¹

247 4160 301 4219 tae
315 4140 519 4214 Graecitatis
532 4140 695 4214 facultas!
1645 4160 1650 4171 ’
1800 4214 1803 4219 .

286 4237 375 4336 ⁴Pag.
389 4260 475 4336 747.
491 4262 525 4311 n.
542 4264 600 4325 99.
619 4241 778 4337 Cuiumesii
791 4236 916 4327 notae,
933 4235 968 4307 in
986 4256 1053 4332 qua
1065 4237 1168 4309 verba
1175 4236 1310 4309 Graeca
1322 4232 1498 4308 Plutarchi
1513 4232 1694 4331 leguntur,
1720 4238 1763 4311 li·
1838 4272 1845 4284 ·

243 4331 355 4411 berale
367 4360 387 4407 a
401 4360 505 4406 manu
524 4355 608 4429 tua,
632 4333 764 4434 semper
781 4330 961 4431 singularia
975 4331 1013 4404 &
1027 4330 1099 4403 aliis
1114 4332 1241 4406 indua
1256 4332 1441 4429 largiente,
1466 4332 1684 4405 corollarium
1701 4334 1761 4408 ad·

236 4429 378 4527 jicitui,
405 4432 597 4525 Gratiarum
611 4426 776 4505 uerborum
788 4428 892 4525 seusus
905 4429 946 4525 est
960 4428 1136 4531 hujusmodi
1149 4476 1162 4517 ,
1187 4425 1307 4500 centum
1321 4425 1391 4501 &o
1418 4428 1509 4499 idem
1532 4428 1641 4503 officii
1665 4454 1762 4528 prae·

239 4528 301 4695 {pp
315 4529 430 4698 etin}
441 4534 614 4625 pag.636.
632 4550 667 4600 n.
680 4538 760 4625 367.
774 4523 957 4633 &urbis
973 4524 1116 4625 millies,
1139 4546 1225 4627 quae
1243 4523 1413 4601 recensere
1429 4523 1559 4603 infiniti
1573 4527 1610 4602 &
1622 4525 1761 4629 molesti
1821 4530 1827 4541 “

298 4640 536 4696 miset.-
641 4654 716 4677 ··
822 4678 827 4685 .
951 4646 1106 4698 ’,-

271 4744 316 4777 ³-
1276 4720 1296 4792 Ι
1696 4718 1762 4793 Me
