4064 5558
344 296 395 381 18
572 296 620 383 Ρ.
679 295 1183 386 BURMANNI
1220 295 1686 389 'EPISTOLA

976 547 1244 645 Caeli.

345 760 589 865 Sccrmdrm
611 755 891 896 accusationis
911 757 1092 895 Caput,
1130 759 1184 863 dc
1211 793 1291 862 ror
1309 764 1491 898 receptis
1522 765 1568 864 ia
1594 784 1772 865 tertam
1793 796 1885 868 mc-

233 933 236 939 ’
547 891 750 1020 toritas,
784 896 1378 1031 quacircrotiscccurrrmt,
1414 893 1674 1002 lactantius.

346 1120 645 1315 FElicitersatis
669 1142 813 1239 primam
840 1141 1076 1215 velitationem
1100 1167 1163 1217 nos
1185 1143 1355 1242 excepisse
1377 1141 1485 1217 videri
1509 1143 1707 1240 possumus,
1734 1142 1789 1216 sed
1805 1167 1887 1216 cum
1977 1228 1980 1232 q

412 1242 578 1337 gravioris
593 1260 781 1316 armaturae
798 1240 969 1335 impetum
985 1241 1165 1332 timerem,
1186 1240 1375 1339 obstupui,
1400 1238 1532 1331 fateor,
1557 1267 1639 1315 cum
1658 1242 1889 1315 infecundam

345 1340 454 1412 aciem
476 1340 613 1436 prodite
635 1336 787 1426 viderem
813 1334 1065 1410 accusationem
1086 1362 1156 1409 non
1173 1337 1281 1411 modo
1309 1338 1490 1411 ridiculam
1508 1339 1546 1410 δι
1557 1340 1741 1439 jocosam,
1774 1338 1830 1411 sed
1851 1340 1888 1414 &

348 1438 503 1529 crimen,
520 1435 615 1532 quod
634 1437 669 1507 io
688 1434 823 1509 laudem
840 1435 928 1507 verti
944 1454 1105 1508 meretur.
1130 1437 1274 1510 Summa
1292 1457 1334 1508 eo
1349 1434 1461 1526 redit,
1477 1438 1559 1531 qaod
1571 1439 1767 1532 &paratas
1783 1441 1889 1509 ceeia·

345 1559 400 1607 eccs
413 1539 447 1605 in
462 1551 550 1606 textu
567 1537 745 1628 reliquerim
765 1583 777 1622 ,
800 1535 895 1609 boras
907 1548 1013 1604 artam
1031 1538 1065 1606 r'n
1079 1540 1160 1607 notis
1175 1540 1366 1629 reliquerim.
1417 1532 1537 1625 Quam
1555 1583 1568 1624 ,
1604 1534 1746 1632 ficulpa
1759 1558 1889 1608 vocan-

348 1631 392 1704 da
405 1632 490 1723 erit,
517 1650 654 1705 tantum
671 1630 781 1720 abest,
808 1649 847 1703 ut
861 1628 1047 1727 deprecer,
1071 1630 1107 1702 ὅ(
1130 1630 1349 1705 commissum
1373 1651 1434 1704 aut
1449 1653 1633 1729 peccatum
1659 1633 1725 1705 hac
1750 1632 1787 1705 in
1811 1657 1888 1730 par·

298 1810 302 1818 ,
348 1747 384 1800 te
407 1727 602 1819 confitear,
634 1748 673 1800 ut
694 1727 834 1827 publice
858 1726 1051 1826 praedicare
1073 1753 1144 1801 non
1160 1728 1353 1802 erubescam
1373 1778 1402 1819 ,‚
1420 1728 1455 1801 id
1470 1728 1514 1802 de
1536 1730 1700 1804 industria
1716 1745 1771 1800 me
1793 1729 1890 1827 saepe

345 1825 531 1918 admisrsse,
557 1826 798 1905 &modestiae
813 1849 907 1899 meae
922 1828 1045 1925 gratias
1061 1827 1206 1926 agendas
1230 1826 1540 1901 essecontendam.
1592 1829 1684 1901 Non
1698 1830 1791 1900 enim
1815 1847 1894 1900 tant

346 1943 423 1997 turn
443 1924 529 1996 mihi
544 1924 671 2012 sumo,
707 1945 746 1999 ut
763 1922 863 1998 facile
879 1947 957 1996 rece
983 1942 1053 1997 tam
1072 1944 1204 1997 mutem
1220 1923 1436 2012 leuiorem,
1466 1949 1579 2022 neque
1603 1925 1716 2023 placet
1735 1925 1889 1998 Critico·

346 2045 425 2097 rum
442 2022 582 2095 illorum
602 2022 741 2094 audacia
758 2072 770 2111 ,
793 2044 880 2117 quae
895 1949 1001 2093 hodie
1013 2019 1203 2093 admodum
1217 2019 1418 2094 invalescere
1434 2022 1589 2119 incipit,
1614 2047 1681 2121 qua
1698 2023 1796 2095 brevi
1813 2022 1889 2094 effi·

348 2119 462 2191 cietur
479 2169 492 2208 ,
518 2137 558 2193 ut
572 2117 655 2189 alios
674 2117 774 2215 plane
787 2116 942 2192 auctores
960 2117 1086 2216 posteri
1103 2117 1210 2191 nostri
1228 2117 1294 2191 sint
1310 2118 1481 2211 habituri,
1506 2139 1610 2216 atque
1624 2123 1769 2219 majores
1784 2121 1891 2193 nostri

348 2215 508 2314 legerint.
559 2214 677 2288 Credo
699 2214 891 2308 sufficere,
926 2213 1162 2314 stdiligenter
1190 2214 1368 2290 Codicum
1400 2219 1604 2290 variationes
1645 2216 1890 2316 subjiciantur,

349 2311 390 2386 &
403 2315 514 2411 prima
527 2312 639 2411 specie
652 2313 864 2390 blandientes
880 2364 891 2403 ‚
918 2313 1111 2409 probabiles
1135 2315 1244 2412 magis
1258 2338 1360 2412 quam
1377 2337 1475 2386 verae
1491 2313 1587 2412 saepe
1603 2367 1615 2404 ,
1642 2316 1805 2389 rectiora
1821 2341 1892 2389 non

350 2411 388 2493 in
403 2408 514 2505 ipsum
530 2410 712 2485 austorum
735 2431 875 2485 textum
896 2412 1135 2511 recipiantur,
1171 2410 1226 2485 sed
1248 2412 1286 2485 in
1308 2411 1401 2484 notis
1421 2411 1676 2502 exhibeantur,
1711 2414 1835 2510 quibus
1852 2439 1891 2486 u·

349 2505 557 2606 nusquisque
581 2508 696 2605 postea
721 2511 758 2584 in
778 2533 849 2583 rem
871 2507 963 2581 suam
986 2508 1190 2607 utipotest.
1238 2511 1399 2584 Textum
1414 2533 1517 2602 vero,
1541 2529 1582 2581 ut
1596 2512 1714 2583 vocari
1731 2534 1805 2583 mos
1821 2512 1891 2605 esi,

350 2624 533 2702 receptum
558 2630 630 2678 non
654 2606 755 2680 facile
776 2627 909 2680 mutare
939 2605 1066 2697 soleo,
1101 2605 1163 2680 nifi
1189 2605 1365 2681 manifeste
1385 2607 1527 2680 vitiosus
1556 2606 1608 2679 fit.
1666 2609 1893 2705 Deprehendi

350 2703 446 2775 enim
462 2702 611 2790 millies,
644 2703 762 2800 postea
775 2703 956 2802 exsurgere
971 2729 1082 2778 novos
1098 2706 1278 2799 Criticos,
1327 2704 1363 2777 ui
1387 2705 1598 2803 repudiatam
1624 2703 1662 2774 &
1682 2704 1826 2800 ejectam
1844 2709 1893 2779 le·

353 2799 506 2873 dtionem
525 2797 696 2873 reducunt
714 2849 726 2889 ,
759 2796 797 2872 &
815 2801 954 2897 egregie
970 2801 1148 2874 vindicant
1163 2822 1285 2876 contra
1305 2803 1311 2816 '
1342 2826 1409 2892 os,
1442 2805 1503 2900 qui
1520 2802 1627 2872 nimia
1643 2800 1790 2872 novandi
1808 2827 1890 2899 pru-

352 2898 465 2993 rigine
482 2894 685 2971 omniafere
702 2919 829 2973 novare
844 2897 1087 2974 sustinuerunt.
1137 2901 1174 2974 si
1190 2923 1275 2973 vero
1290 2900 1360 2972 hoc
1374 2919 1475 2972 tuum
1493 2920 1567 2972 tam
1580 2898 1655 2971 leve
1673 2899 1710 2970 &
1729 2899 1891 2974 obtusum

354 2996 463 3068 telum
483 3012 680 3090 retorquere
694 2994 847 3082 vellem,
880 2992 916 3065 ὅ(
932 2989 1002 3066 fine
1025 2995 1138 3067 taedio
1160 2997 1330 3065 laetorum
1352 2997 1412 3066 lon
1459 3021 1494 3067 m
1511 2997 1628 3068 seriem
1653 2996 1834 3086 locorum,
1858 3002 1893 3070 in

352 3091 481 3190 quihus
495 3109 535 3165 tu
551 3091 732 3178 admittis,
759 3086 855 3186 quod
874 3088 910 3159 in
928 3112 984 3160 me
1001 3090 1149 3186 culpas,
1172 3109 1353 3188 pertexere
1377 3114 1419 3160 ve
1431 3091 1521 3181 lem,
1540 3088 1640 3162 facile
1663 3091 1896 3185 ostenderem,

355 3212 392 3262 te
408 3192 444 3263 in
462 3190 553 3262 notis
569 3189 636 3264 tuis
652 3188 796 3286 probare
810 3185 907 3286 saepe
920 3183 1084 3260 diversam
1098 3185 1283 3260 lediionem
1298 3184 1376 3275 illi,
1410 3209 1513 3284 quam
1534 3187 1573 3258 in
1596 3183 1675 3282 ipsu
1699 3186 1800 3260 Fabii
1820 3214 1896 3263 ver·

356 3287 410 3359 bis
425 3286 588 3378 exhibes,
603 3287 751 3385 denique
766 3305 820 3373 te,
836 3287 897 3382 qui
911 3304 983 3359 tam
998 3283 1160 3360 acerbum
1179 3283 1349 3359 deledtmn
1363 3306 1518 3358 errorum
1536 3307 1695 3356 meorum
1710 3286 1897 3383 agis,con-

362 3382 539 3458 tenderem
556 3433 568 3473 ,
594 3385 668 3481 jam
683 3382 874 3481 approbare
888 3407 1007 3458 omnes
1023 3400 1121 3455 notas
1137 3406 1254 3472 meas,
1336 3382 1414 3454 ibus
1428 3401 1547 3455 notam
1562 3382 1811 3455 criminationis
1827 3411 1897 3459 non

366 3479 551 3583 apposuisti
571 3508 579 3579 ς
605 3504 685 3562 nam
703 3483 739 3554 in
754 3499 824 3554 tam
842 3478 967 3553 acerbo
982 3477 1118 3553 delebiu
1131 3500 1167 3553 te
1182 3480 1288 3577 aliqui
1326 3479 1551 3576 praeteriisse,
1576 3479 1671 3580 quod
1685 3482 1898 3557 animadver-

365 3576 461 3659 sione
475 3580 623 3678 dignum
641 3603 713 3652 non
726 3577 927 3669 videbatur,
952 3578 1082 3653 nemini
1101 3575 1368 3653 fiet-verifimile.
1639 3586 1641 3590 '

416 3680 500 3773 Pag.
520 3698 536 3772 3
568 3703 628 3750 ,ιι
643 3701 703 3772 79.
720 3675 879 3769 ostendi,
908 3677 1031 3750 melius
1043 3676 1113 3774 legi
1129 3677 1230 3769 musta
1248 3727 1259 3766 ,
1284 3675 1378 3773 quod
1394 3672 1527 3751 silentio
1543 3699 1586 3771 ap
1610 3674 1738 3767 robes,
1761 3699 1830 3775 ego
1848 3699 1899 3752 ta·

364 3796 446 3851 tuen
458 3779 526 3847 mul
538 3798 560 3844 a
574 3774 697 3869 reliqui
712 3824 725 3865 ,
743 3797 817 3847 nee
832 3792 902 3863 tu,
927 3773 1011 3847 licet
1027 3776 1147 3846 melius
1164 3773 1230 3846 effe
1245 3771 1405 3861 fatearis,
1429 3771 1529 3845 aliam
1547 3773 1558 3843 l
1614 3775 1729 3845 ionem
1747 3778 1899 3848 mutasti.

365 3896 445 3972 pag.
465 3879 547 3967 670.
568 3895 601 3947 n.
623 3894 702 3947 ιιι.
720 3872 757 3947 iu
772 3869 842 3949 sine
857 3871 936 3945 libri
950 3895 985 3945 x.
1002 3870 1123 3945 stolide
1141 3873 1178 3946 in
1194 3894 1251 3944 me
1266 3871 1457 3961 inveheris,
1468 3871 1574 3969 quod
1588 3872 1762 3970 vulgatam
1780 3873 1900 3963 lectio

353 3994 448 4051 ,rrem
474 3994 545 4043 non
570 3971 806 4060 removerim,
837 3993 940 4067 quam
955 3989 1072 4043 tamen
1097 3969 1345 4046 descendendam
1370 3993 1558 4067 numquam
1580 3967 1738 4067 suscepi,
1764 3989 1900 4044 rantum

369 4068 512 4158 monui,
536 4064 666 4167 duabus
680 4070 834 4167 exceptis
850 4067 1061 4143 editionibus
1075 4069 1110 4144 in
1124 4071 1282 4168 reliquis,
1307 4065 1564 4165 quasadhibrri,
1590 4089 1626 4138 re
1687 4069 1754 4159 iri,
1781 4069 1817 4141 δι
1833 4071 1901 4144 Ba-

369 4166 468 4238 dium
483 4188 557 4235 eam
573 4165 673 4243 tueri.
715 4169 826 4261 Hunc
841 4191 926 4268 ergo
941 4166 1085 4272 aggredi
1097 4167 1283 4266 debuisses,
1306 4190 1378 4238 non
1394 4189 1475 4264 me,
1492 4162 1533 4238 dc
1546 4185 1591 4236 ex
1622 4165 1659 4204 ⁴⁰
1689 4165 1797 4256 locis,
1823 4171 1900 4266 quj-

372 4263 437 4337 bus
451 4262 554 4335 docet
568 4262 691 4335 Fabius
708 4317 719 4354 ,
744 4266 1016 4363 idroscribercdum
1035 4268 1117 4362 effe,
1141 4282 1178 4339 at
1196 4289 1274 4361 quar
1282 4258 1488 4358 scripstmus,
1513 4267 1687 4333 memoriter
1704 4272 1747 4351 (o
1764 4263 1899 4338 Larini·

373 4381 480 4434 tatem
506 4381 587 4431 vere
610 4362 798 4458 politam!)
823 4364 1020 4460 edisccmus,
1046 4362 1251 4452 ostendere,
1276 4384 1348 4452 non
1371 4357 1500 4453 ubique
1525 4358 1669 4447 omnia,
1693 4382 1780 4454 quae
1799 4364 1902 4455 Pseu·

374 4461 425 4532 do·
433 4452 611 4546 Turnebus,
630 4456 748 4527 Badius
759 4503 771 4543 ,
782 4461 975 4548 Masclianae
991 4462 1028 4533 ὅ(
1046 4463 1159 4534 omnis
1178 4459 1308 4553 reliqua
1324 4473 1638 4527 commentatorum
1658 4456 1777 4548 turba,
1791 4476 1826 4526 te
1840 4459 1900 4551 ju·

375 4551 747 4645 dice,commiserunt,
764 4553 800 4624 in
816 4554 883 4623 mei
895 4558 995 4626 unius
1012 4575 1118 4651 caput
1135 4555 1300 4625 conferre.
1328 4553 1411 4650 Pag.
1425 4563 1504 4626 106.
1523 4553 1596 4625 dixi
1617 4553 1652 4625 in
1668 4556 1760 4627 notis
1776 4548 1902 4626 rectius

375 4652 582 4730 &Latinius
596 4649 710 4726 multo
725 4649 797 4725 dici
810 4648 927 4736 caram
933 4650 1116 4750 sodalium,
1131 4649 1444 4749 quamsrhclarrrm,
1468 4671 1533 4724 nee
1549 4650 1765 4751 obloqueris,
1791 4643 1829 4718 &
1851 4668 1901 4722 ta-

476 4784 481 4793 ·
1822 4769 1903 4820 men
