4064 5558
236 273 267 362 6.
442 265 489 352 P.
548 256 1048 355 BURMANNI
1112 238 1556 351 EPISTOLA

240 454 278 501 on
291 431 334 503 ser
347 425 479 523 regardo
492 447 608 501 enema
624 425 668 497 ser
684 419 924 512 exaestuas,
944 435 1133 514 partepart
1150 422 1218 495 asa
1240 421 1379 521 politeffe
1397 422 1449 495 des
1466 428 1622 497 ensurius
1641 424 1694 498 der
1708 431 1777 500 cla·-

241 542 346 614 nats,
363 549 403 601 ou
417 522 549 618 l’ar'rest
560 525 633 617 plat
640 519 772 616 sarbtil,
792 522 866 612 plat
877 540 960 612 par,
984 517 1026 598 sd
1038 521 1111 619 ples
1125 518 1208 589 doux
1235 517 1402 606 (Francia
1419 519 1569 607 scilicet)
1588 521 1632 594 .&
1651 523 1775 597 deinde

240 623 277 697 in
296 623 413 712 notis,
437 619 564 715 Gaspar
580 619 766 705 Bathea,
790 641 834 689 au
851 620 934 689 livre
955 639 996 707 52
1015 615 1054 686 de
1070 615 1125 710 ses
1142 614 1376 715 Adversarius,
1398 623 1515 713 appelle
1531 644 1609 692 ceux
1627 624 1680 693 des
1698 631 1776 714 Pays

242 722 299 793 bas
324 770 338 812 ,
364 721 482 814 Espaits
509 720 563 812 fin
584 717 629 795 sd
649 720 821 811 ingeniare.
872 709 1023 810 Qalr‘te‘r
1045 763 1057 804 ,
1082 716 1135 808 qui
1166 720 1364 786 conviennent
1383 736 1445 810 peu
1469 741 1535 787 aaa
1560 743 1635 815 gens
1660 723 1698 791 de
1731 747 1779 794 ces

242 821 378 895 climata.
427 815 546 912 Qtam
571 833 689 885 notam
712 811 846 884 nostrae
867 812 964 910 genti
986 811 1130 881 inustam
1153 808 1248 882 dieto
1264 809 1430 908 asperiore
1451 814 1641 906 acerbam,
1667 819 1777 912 quiin

243 919 415 993 Bailletam
430 935 539 1010 nuper
554 910 791 983 adnotationes
812 909 967 1007 adjecit,
993 908 1175 979 Barthium
1200 907 1288 979 nibil
1305 909 1372 980 talc
1387 909 1502 983 dicere
1524 911 1617 985 addit
1634 965 1645 1005 ,
1666 938 1779 1010 eoque

245 1035 308 1091 noa
330 1012 472 1085 nomine
493 1010 610 1083 beatos
626 1006 788 1105 judicat,
813 1004 909 1103 quod
932 1004 1007 1077 talis
1026 1006 1179 1078 encomii
1200 1003 1403 1080 austoritate
1425 1007 1676 1100 destituamur,
1701 1014 1781 1108 quia

192 1178 195 1183 .
243 1106 409 1188 sciliceta
425 1106 530 1181 crasso
548 1105 726 1178 Germano
743 1102 866 1202 Belgas
879 1104 926 1176 ob
942 1105 1071 1201 ingenii
1094 1102 1331 1199 excellenti—arn
1351 1105 1476 1177 laudari
1498 1107 1598 1180 nobis
1613 1133 1685 1180 non
1699 1109 1779 1185 cllet

245 1204 495 1281 honorificum.
544 1202 646 1277 Talia
666 1226 709 1276 ex
734 1200 879 1299 scriptis
890 1200 1013 1273 nostris
1028 1202 1081 1273 vel
1098 1200 1301 1275 nostratium
1316 1193 1511 1298 producas,
1537 1205 1689 1302 quaeso,
1714 1232 1780 1305 op·
1796 1279 1801 1287 ,

243 1304 411 1402 probria,
437 1301 475 1379 dc
491 1320 576 1377 tuuc
601 1303 675 1391 iure
698 1321 762 1372 tuo
780 1322 841 1370 nos
865 1296 1034 1371 conviciis
1058 1297 1095 1367 δε
1112 1291 1332 1371 contumeliis
1352 1298 1498 1372 obruere
1515 1301 1644 1375 licebit.
1697 1305 1780 1377 Hoc

244 1424 354 1473 unum
371 1419 536 1496 praeterea
559 1398 689 1487 liccat,
712 1397 869 1468 omniurn
895 1417 1006 1493 pace,
1028 1394 1088 1487 qui
1113 1395 1147 1465 in
1162 1394 1306 1488 Francia
1326 1393 1440 1469 adhuc
1464 1395 1588 1471 solidae
1605 1397 1780 1475 dodlrinae

245 1520 361 1573 amore
377 1497 553 1595 flagrant,
578 1494 725 1584 dixisse,
751 1494 865 1567 astum
884 1491 950 1565 else
973 1491 1018 1563 de
1033 1492 1195 1564 Franciae
1212 1491 1311 1565 laude
1328 1543 1340 1583 ,
1366 1491 1391 1566 fi
1408 1545 1420 1587 ,
1446 1514 1486 1568 ut
1503 1497 1779 1594 Ephemeridum

245 1588 1781 1788 llll{issileibes}llbeellllals‘ltellillstillasset}

246 1742 349 1863 nobis
371 1787 503 1869 obstrui
525 1785 620 1884 posse
642 1783 831 1885 persuasum
856 1786 1013 1858 habeant.
1061 1783 1128 1858 Sed
1152 1784 1235 1857 licet
1253 1786 1296 1858 ad
1318 1785 1381 1858 alia
1404 1716 1618 1887 pergendum
1645 1790 1711 1862 ess'e
1728 1795 1779 1865 vi·

245 1885 372 1977 deam,
398 1886 434 1959 bc
452 1884 537 1961 haec
560 1885 699 1957 exoleta
722 1883 759 1956 ὅτ
785 1886 916 1958 centies
939 1901 1074 1956 cantata
1091 1881 1312 1956 Gallulorum
1326 1886 1515 1982 opprobria
1538 1887 1780 1984 relinquenda,

246 1984 521 2081 praetermittere
536 2001 653 2054 tamen
667 2003 828 2076 nequeo,
855 2004 948 2051 veras
971 2003 1033 2052 vos
1048 1977 1241 2051 deficientis
1258 1980 1352 2052 &ad
1372 2006 1498 2079 paucos
1517 1984 1669 2057 redastae
1686 2008 1781 2060 vete·

248 2081 292 2155 sis
308 2079 511 2155 eruditionis
524 2080 655 2173 gloriae
669 2078 796 2150 cauffas
812 2076 866 2148 vel
881 2078 1061 2175 ignorare,
1080 2075 1135 2148 vel
1149 2074 1361 2149 dissimulare.
1392 2078 1482 2151 Non
1498 2081 1589 2153 enim
1608 2080 1694 2154 illud
1714 2086 1781 2157 ssu-

245 2176 364 2265 dium,
382 2179 419 2251 in
435 2175 531 2273 quod
546 2172 697 2248 universa
711 2172 781 2247 sere
798 2175 913 2265 natio,
926 2198 997 2247 non
1012 2172 1081 2246 fine
1096 2171 1196 2249 laude
1209 2176 1314 2247 etiam
1334 2173 1462 2267 sertin,
1480 2179 1609 2274 patriae
1624 2179 1781 2280 linguae,

245 2298 321 2353 uon
336 2274 458 2352 obviae
473 2273 603 2384 ubique
620 2272 778 2345 omnium
795 2270 1003 2370 scriptorum
1020 2271 1189 2345 versiones
1202 2270 1402 2346 deleverunt
1412 2272 1567 2346 Graecae
1580 2275 1619 2348 &
1637 2276 1781 2351 Latinae

246 2371 386 2469 linguae
403 2370 664 2443 meditationem
681 2368 719 2439 ὅ(
737 2370 940 2441 interiorum
956 2370 1131 2441 literarum
1147 2369 1292 2445 cultum.
1346 2371 1488 2469 Semper
1504 2373 1618 2463 enirn,
1630 2372 1667 2444 ὃ(
1685 2399 1783 2475 prac-

245 2469 394 2643 ass
442 2561 908 2663 ,a
943 2465 1784 2643 istaistare·,serenatas

246 2662 442 2751 dederunt,
466 2661 549 2735 licet
564 2685 693 2739 nunca
708 2660 960 2734 recentioribus
973 2589 1103 2735 obruadl
1111 2683 1231 2736 eorum
1247 2663 1416 2735 memoria
1426 2664 1487 2736 virt
1504 2595 1689 2762 apparead2
1716 2667 1785 2741 Sed

247 2760 351 2833 unica
364 2757 463 2833 fundi
475 2757 614 2831 literarii
629 2755 804 2829 calamitas
820 2755 1156 2856 &degenerantium
1176 2760 1395 2859 ingeniorum
1415 2757 1533 2851 labes,
1556 2760 1701 2859 religio,
1724 2784 1786 2839 aut

246 2858 366 2958 potius
380 2853 574 2953 superstitio
589 2849 717 2927 censeri
725 2850 853 2927 debet..
861 2855 951 2929 Hoc
966 2857 1004 2928 in
1018 2856 1091 2928 aliis
1105 2859 1267 2955 gentibus
1279 2858 1352 2957 jam
1368 2854 1545 2930 observare
1561 2861 1678 2953 potuit
1691 2862 1784 2935 earl-

247 2959 328 3029 eras
343 2953 402 3029 ille
416 2951 543 3041 vester,
569 2970 597 3024 t.
610 2975 624 3024 t
636 2976 666 3025 t.
691 2975 725 3048 p.
736 2973 797 3034 90.
819 2951 882 3048 qui
899 2951 1093 3023 Germanos
1109 2954 1234 3026 debere
1242 2954 1426 3053 Religioni
1441 2953 1675 3046 Christianae,
1689 2957 1788 3055 quod

248 3051 386 3150 ingenia
410 3049 550 3124 illorum
577 3046 645 3120 fint
666 3064 826 3132 mutare,
860 3042 1063 3118 confitetur.
1114 3046 1238 3157 inepte
1261 3071 1344 3119 vero
1366 3048 1533 3144 subjicit,
1556 3052 1626 3123 hoc
1649 3030 1811 3131 Francis*

246 3147 374 3241 debere
396 3170 522 3225 munus
543 3143 764 3233 Gerrnanos,
798 3140 838 3223 dt
856 3142 976 3240 Reges
999 3143 1163 3215 Franciae
1187 3141 1355 3215 induxisse
1382 3143 1491 3217 studia
1515 3147 1719 3223 humaniora
1743 3150 1788 3225 fi-

249 3246 324 3321 mul
349 3270 431 3319 cum
455 3243 663 3342 relligione:
689 3264 773 3314 curn
796 3237 871 3312 satie
893 3238 1030 3312 constet
1059 3239 1227 3315 Carnium
1253 3240 1310 3312 M.
1337 3240 1552 3316 Germanum
1580 3246 1716 3343 origine
1746 3247 1788 3322 be

251 3343 459 3417 Germaniae
475 3340 577 3414 fimus
592 3340 629 3411 &
642 3341 673 3412 F
674 3337 809 3411 sanciae
822 3337 981 3439 Regem,
1005 3357 1187 3434 utramque
1200 3357 1342 3437 gentem
1365 3337 1409 3409 ad
1425 3337 1618 3436 disciplinas
1635 3345 1788 3422 liberales

250 3439 471 3531 informasse,
494 3435 591 3511 &ab
610 3437 671 3509 illo
686 3435 840 3535 mitigari
855 3436 892 3506 &
909 3431 1038 3506 erudiri
1065 3437 1254 3530 (decraffi’r)
1278 3433 1309 3507 se
1325 3435 1456 3536 passum
1471 3456 1660 3538 utrumque
1673 3466 1789 3540 popu·

251 3537 347 3629 lum,
365 3540 424 3636 qui
442 3535 561 3634 postea
584 3557 645 3633 per
661 3530 899 3643 Tyrannidem
916 3534 1086 3630 Paparum
1104 3533 1147 3604 δι’
1160 3531 1386 3607 Sacerdotem
1412 3536 1536 3609 recidit
1553 3539 1588 3610 in
1610 3544 1790 3637 antiquam

252 3634 470 3725 barbariem,
496 3656 583 3730 quae
599 3656 673 3705 nort
696 3627 762 3704 nrfi
784 3629 972 3702 emendatis
996 3626 1095 3701 sacris
1117 3631 1242 3705 iterum
1267 3632 1304 3705 in
1329 3632 1504 3705 mitiorem
1519 3633 1600 3707 disci
1628 3635 1731 3709 linam
1750 3637 1789 3711 δε

253 3734 412 3809 umrtiutn
427 3732 553 3803 artium
571 3730 743 3805 culturam
761 3725 910 3800 feliciter
922 3724 1067 3799 transsit.
1117 3725 1302 3825 Qn'dquid
1333 3730 1425 3801 enim
1450 3728 1565 3824 dicas,
1591 3660 1700 3807 dodra
1720 3733 1788 3807 ele-

325 3825 423 3906 tia'&
439 3827 643 3901 interiorum
659 3825 835 3901 literarum
852 3823 1035 3898 meditatio
1049 3823 1287 3917 Libertatem,
1313 3826 1539 3926 Religionem
1556 3831 1792 3927 aTyrannide

253 3851 424 4018 fferam,
450 3922 488 3996 δι
510 3922 676 4013 florentes
695 3946 809 3996 rerum
861 3974 870 3994 .
896 3921 935 3994 ὃῐ
956 3944 1146 4022 regnorum
1172 3946 1224 3995 res
1246 3923 1354 3997 solent
1375 3927 1547 4001 comitari.
1597 3927 1695 4001 Hinc
1720 3927 1791 4026 ipsa

256 4022 422 4114 Francia,
438 4040 517 4097 ante
530 4021 604 4095 duo
617 4021 688 4094 fere
709 4018 849 4110 secula,
871 4041 986 4092 veram
1012 4019 1239 4096 recidivarum
1264 4020 1441 4095 literarum
1464 4022 1791 4124 redintegrationem

256 4121 360 4199 nullis
380 4119 511 4211 debet,
535 4118 600 4193 nili
622 4119 716 4212 illis,
740 4117 800 4218 qui
825 4116 929 4191 ctiam
949 4120 1078 4220 jugum
1103 4117 1319 4193 intolerabile
1338 4120 1451 4217 Papae
1470 4120 1718 4211 excusserunt3
1753 4120 1793 4198 δι

257 4217 427 4388 quidepuid
497 4217 651 4290 steritem
669 4216 838 4291 memoria
860 4215 1008 4316 dignum
1031 4215 1074 4291 ab
1097 4240 1141 4291 eo
1165 4213 1324 4305 exstitit,
1349 4239 1454 4291 omne
1478 4216 1565 4291 illud
1579 4217 1669 4293 inter
1683 4223 1793 4296 Fran·

258 4313 338 4393 cisci
407 4313 428 4386 s
493 4336 566 4412 qtae
587 4316 705 4388 novari
719 4314 810 4390 stent
832 4337 897 4387 coe
984 4334 1050 4406 nt,
1076 4312 1115 4391 &
1133 4311 1359 4389 Ludovicum
1375 4312 1482 4388 XIV.
1508 4311 1670 4391 effloruit.
1716 4316 1793 4413 Qui

259 4436 341 4491 men
356 4435 429 4491 nen
447 4411 554 4483 modo
568 4432 656 4500 eas,
679 4416 740 4507 qui
752 4440 772 4484 a
785 4412 821 4486 ib
916 4412 1026 4486 itione
1039 4407 1276 4504 discesserant,
1289 4407 1582 4486 vehementiffime
1598 4412 1790 4505 adflixerit,

259 4510 297 4587 ἂ
310 4528 372 4585 aut
386 4507 496 4581 solum
512 4526 675 4598 vertere,
697 4523 758 4578 aut
776 4526 899 4577 contra
912 4511 1019 4580 animi
1045 4506 1244 4583 sententiam
1265 4506 1418 4585 famulata
1432 4505 1521 4583 sacra
1538 4510 1695 4609 profiteri
1707 4511 1790 4583 eoe-

259 4609 352 4707 gerit
364 4656 388 4704 ,Ι
402 4603 505 4683 fimul
518 4601 668 4691 [medie
684 4624 807 4680 omnes
826 4601 972 4678 b'beralis
986 4600 1193 4677 eruditionis
1204 4600 1343 4678 radices.
1392 4604 1592 4685 Aemulatio
1604 4611 1698 4682 enirn
1713 4605 1794 4781 illae}
